3282 5193
613 427 761 500 104
1462 442 1968 499 GLOSSARIUM

617 629 883 704 πέμματὰ
928 650 1055 685 τινα
1094 631 1204 684 τοῖς
1248 629 1393 684 θεοῖς
1426 629 1706 704 γινόμενα
1749 628 1810 684 ἐκ
1849 629 1946 700 τοῦ
1986 629 2384 701 ἀφαιρεθέντος
2428 629 2586 684 σίτου
2629 627 2690 684 ἐκ
2723 633 2820 696 τῆς

612 722 754 777 ἅλω.
859 723 1185 794 Σαννυρίων
1226 717 1270 774 δ’
1312 720 1377 775 ἐν
1411 724 1630 776 Γέλωτί
1673 717 2202 794 φησι.-[πέλανον
2243 722 2527 792 καλοῦμεν
2568 721 2726 794 ἡμεῖς
2766 719 2818 776 οἶ

614 809 781 885 θεοί,]
815 807 893 867 “A
936 815 1167 867 καλεῖτε
1212 815 1430 886 σεμνῶς
1478 809 1671 882 ἄλφιθ’
1708 811 1866 887 ὑμεῖς
1933 809 1983 867 οἱ
2046 808 2263 886 βροτοί.
2373 807 2557 866 Voces
2597 809 2818 867 uncinis

615 901 852 959 inelusoe
880 909 1014 959 sunt
1041 920 1111 958 ex
1139 900 1465 978 conjectura
1506 900 1851 960 casauboni.
1937 900 2201 978 Choeph.
2234 902 2329 961 90.
2405 905 2630 959 Χέουσα
2657 900 2819 960 τόνδε

614 997 871 1051 πέλανον
900 995 965 1050 ἐν
992 991 1187 1070 τύμβῳ
1215 995 1439 1068 πατρός.
1527 992 1701 1051 Plura
1727 991 1876 1051 dabo
1901 992 2050 1050 infra
2075 992 2150 1050 ad
2173 1012 2230 1049 v.
2263 993 2400 1050 821.

696 1139 833 1197 209.
912 1113 1145 1212 Τέλη.
1232 1137 1433 1194 Sacra.
1547 1133 1746 1193 Minus
1792 1144 1944 1193 recte
1983 1133 2266 1192 Stanleius
2308 1144 2542 1210 quorum
2584 1134 2688 1190 Ῐιοε
2731 1141 2818 1191 est

614 1239 813 1278 munus
837 1247 856 1279 .·
901 1222 1057 1299 quod
1082 1221 1284 1280 fuisset
1310 1221 1391 1280 οἷς
1419 1227 1579 1281 τέλος
1602 1222 1750 1280 τόδε.
1795 1221 1910 1280 vid.
1940 1221 2148 1298 Agam.
2176 1225 2311 1282 909.
2396 1220 2585 1290 Verte,
2618 1221 2818 1296 quibus

615 1314 736 1371 haec
754 1333 923 1371 sacra
945 1313 1177 1391 (nempe
1196 1316 1279 1371 ad
1291 1315 1508 1372 somnia
1527 1311 1848 1391 eoepianda)
1859 1301 2182 1389 pertinent.
2231 1311 2431 1388 Eurip.
2457 1310 2614 1370 Med.
2642 1315 2812 1375 1379.

620 1409 847 1481 Σεμνὴν
882 1407 1077 1482 ἑορτὴν
1116 1409 1201 1463 καὶ
1240 1411 1376 1478 τέλη
1414 1407 1803 1484 προσάψομεν.
1889 1403 2130 1482 Hippol.
2163 1406 2259 1460 25.
2307 1407 2540 1480 Σεμνῶν
2582 1404 2637 1460 ἐς
2679 1402 2818 1476 ὄψιν

615 1498 704 1555 καὶ
746 1501 883 1567 τέλη
921 1503 1261 1575 μυστηρίων,
1292 1497 1393 1555 ubi
1432 1496 1559 1556 vide
1601 1497 1809 1555 Monk.
1894 1494 2096 1572 Eurip.
2137 1514 2230 1571 ap.
2262 1493 2477 1552 Athen.
2508 1514 2569 1572 p.
2605 1497 2704 1553 40.
2737 1494 2811 1552 D.

614 1593 780 1666 μικρὰ
808 1589 1031 1648 θύοντες
1057 1595 1215 1661 τέλη.

700 1721 835 1776 210.
892 1694 1265 1801 Ἐσχάρα.
1350 1719 1474 1775 Ara
1500 1717 1749 1774 humiles.
1835 1713 2097 1773 Photius.
2179 1715 2458 1795 Ἐσχάρα,
2503 1719 2536 1786 ἢ
2577 1718 2670 1773 ἐπὶ
2692 1711 2816 1790 ’γῆς

619 1809 780 1864 ἑστία
819 1805 1307 1880 στρογγυλοειδής.
1350 1803 1443 1880 ἀφ’
1464 1800 1525 1874 ἧς
1564 1803 1814 1880 ἐσχάρας
1850 1807 2103 1877 λέγομεν
2127 1807 2216 1860 καὶ
2253 1802 2322 1862 τιὶ
2350 1809 2515 1862 κοῖλα
2543 1806 2632 1861 καὶ
2660 1827 2815 1879 περι-

614 1902 754 1975 φερῆ
782 1899 933 1967 ἕλκη.
979 1901 1010 1955 ὁ
1038 1897 1099 1955 δὲ
1124 1897 1313 1973 βωμὸς
1342 1897 1403 1954 τὸ
1433 1897 1499 1953 ἐν
1527 1894 1661 1970 ὕψει
1690 1896 1811 1952 ἐστὶ
1839 1896 1974 1970 πρὸς
2003 1897 2208 1954 θυσίαν
2227 1893 2589 1973 οἰκοδόμημα.
2671 1894 2818 1953 Vide

618 1986 859 2047 Alberti.
890 1989 963 2046 ad
991 1988 1249 2067 Hesych.
1284 1987 1341 2044 in
1368 2005 1523 2045 voce.

698 2134 835 2188 211.
878 2101 1353 2212 ''Aspffloyyosu
1453 2129 1683 2187 Mutus.
1784 2127 2166 2186 Notissimum
2210 2129 2430 2188 timoris
2477 2129 2565 2187 vel
2607 2128 2816 2188 doloris

616 2217 861 2294 signum.
948 2216 1230 2274 Stanleius
1258 2214 1476 2274 confert
1504 2214 1732 2300 Gallim.
1765 2213 1906 2271 Lav.
1933 2214 2074 2272 Pall.
2103 2218 2200 2274 83.
2245 2216 2490 2287 Ἐστάθη
2532 2215 2576 2274 δ’
2605 2221 2816 2294 ἄφθογ-

618 2325 737 2382 γος·
798 2311 1119 2366 ἐκόλλασαν
1178 2311 1286 2384 γὰρ
1344 2310 1500 2366 ἅνιαι
1545 2307 1828 2366 Γοὺνατα.
1915 2305 2074 2363 Infra
2116 2309 2252 2368 296.
2337 2307 2470 2365 Vid.
2509 2307 2700 2366 Bentl.
2741 2307 2816 2366 ad

617 2399 825 2458 Horat.
859 2400 1050 2458 Carm.
1084 2398 1170 2458 ΙΙ.
1202 2399 1317 2458 xix.
1356 2401 1408 2461 7.

697 2543 833 2598 212.
894 2501 1199 2621 Κῖρκος.
1280 2540 1477 2599 Falce.
1549 2538 1708 2596 Vett.
1736 2537 1925 2596 GlosS.
1951 2538 2245 2598 Prometh.
2267 2541 2405 2599 884.
2451 2539 2652 2618 Suppl.
2678 2543 2812 2599 223.

700 2694 835 2750 213.
892 2664 1143 2767 Χηλή.
1240 2691 1471 2765 Unguis.
1556 2690 1811 2767 Etymol.
1857 2711 1918 2768 p.
1966 2692 2101 2758 811,
2160 2693 2251 2748 14.
2338 2694 2518 2761 xm.
2576 2690 2608 2748 ὁ
2663 2691 2814 2754 ὄνυξ.

607 2777 775 2855 Ὦρος
805 2778 867 2837 δὲ
894 2781 1060 2852 λέγει
1088 2785 1277 2855 κυρίως
1305 2782 1407 2847 τὴν
1436 2781 1646 2854 χηλήν,
1679 2780 1765 2835 ἐπὶ
1811 2785 1919 2836 τῶν
1962 2778 2238 2857 διονύχων
2266 2778 2687 2848 ζῶων-ὅπλην
2727 2781 2818 2836 ἐπὶ

615 2879 724 2932 τῶν
762 2872 1129 2950 μονωνῦχων.
1216 2871 1343 2929 Vox
1372 2872 1760 2951 γαμψώνυχος
1788 2871 1848 2930 in
1875 2872 2168 2931 Prometh.
2201 2874 2339 2935 497.
2381 2872 2533 2931 idem
2562 2881 2727 2932 sonat
2753 2893 2818 2932 ao

616 2969 1017 3042 ἅγκυλόχηλος
1042 2962 1105 3020 in
1134 2962 1498 3022 Batrachom.
1531 2966 1667 3023 285.
1981 2979 1988 2984 “

702 3106 837 3161 214.
897 3080 1187 3159 Τι’λλω.
1284 3101 1463 3160 Vella.
1549 3102 1636 3161 De
1679 3101 1749 3159 iis
1797 3101 2015 3160 dietum
2057 3102 2155 3180 qui
2189 3103 2416 3180 plumas
2455 3105 2545 3162 vel
2585 3104 2818 3185 capillos

617 3189 942 3248 convellunt
967 3212 982 3257 ;
1026 3186 1177 3245 unde
1205 3190 1418 3262 τιλμός,
1439 3188 1640 3267 Suppl.
1669 3190 1806 3247 836.
1866 3188 2105 3247 Homer.
2133 3189 2299 3247 Iliad.
2325 3191 2401 3249 X.
2424 3194 2562 3250 406.
2594 3196 2627 3262 ἡ
2657 3192 2719 3252 δέ
2749 3219 2816 3252 νυ

615 3284 795 3358 μήτηρ
822 3285 985 3340 τίλλε
1012 3284 1207 3355 κόμην.
1296 3278 1486 3337 Schol.
1518 3278 1817 3355 Aristoph.
1850 3279 1982 3337 Pac.
2018 3282 2156 3338 541.
2227 3287 2462 3341 Τίλλειν
2494 3285 2696 3344 ἑαυτὸν
2723 3291 2818 3343 λε’-

618 3398 799 3447 γεται,
844 3374 906 3431 τὸ
952 3379 1061 3431 τῶν
1119 3375 1319 3430 ἑαυτοῦ
1372 3377 1579 3448 τριχῶν
1625 3370 2147 3449 ἐπιλαμβάνεσθαι,
2193 3378 2283 3433 καὶ
2337 3375 2675 3449 σπαράττειν
2721 3384 2817 3435 τὰς

614 3468 808 3542 κόμας.
893 3461 1191 3540 Aristoph.
1238 3460 1350 3519 AV.
1394 3463 1531 3521 286.
1598 3463 1707 3520 ὑπὸ
1753 3466 1863 3521 τῶν
1910 3472 2268 3544 συκοφαντῶν
2311 3470 2584 3535 τίλλεται,
2639 3469 2714 3525 Αἵ
2756 3494 2818 3527 τε

617 3562 844 3626 θηλεῖαι
870 3559 1375 3632 προσεκτίλλουσιν
1404 3558 1573 3612 αὐτοῦ
1600 3553 1671 3611 τοὶ
1706 3554 1908 3629 πτερά.
1990 3554 2272 3633 Apposite
2302 3556 2505 3615 Pollux
2535 3559 2643 3616 IX.
2683 3562 2814 3621 109.

618 3647 688 3706 de
728 3646 1114 3706 coturnicibus
1155 3646 1560 3722 pugnantibUS,
1604 3646 1636 3704 ὁ
1681 3645 1742 3703 δὲ
1791 3648 1987 3705 ἔκοπτε
2029 3651 2106 3725 τῷ
2148 3653 2388 3726 λιχανῷ,
2427 3652 2460 3719 ἢ
2503 3650 2573 3708 ra*
2617 3653 2678 3710 ἐκ
2721 3658 2816 3720 τῆς

617 3744 859 3816 κεφαλῆς
898 3735 1075 3811 πτερὰ
1114 3739 1412 3793 ἀπέτιλλε.
1498 3736 1767 3794 Ceterum
1806 3745 2012 3796 notatu
2053 3738 2289 3816 dignum
2330 3747 2434 3809 est,
2465 3740 2816 3799 simillimum

615 3837 944 3908 portentum
991 3828 1191 3884 iisdem
1238 3826 1355 3883 fere
1401 3826 1585 3884 verbis
1632 3828 1704 3886 ab
1760 3828 2058 3887 Herodoto
2105 3837 2396 3887 narratum
2444 3850 2582 3899 esse,
2629 3834 2813 3891 visum

618 3927 836 3999 septem
882 3920 1181 3977 Persarum
1220 3916 1544 3995 conjurati&
1577 3938 1754 3995 quum
1784 3918 1854 3977 de
1889 3919 2111 3977 Smerdi
2137 3920 2516 3997 aggrediendo
2546 3922 2816 3982 delibera-

616 4020 761 4081 rent,
792 4014 1146 4085 ὠθιζομένων
1172 4009 1232 4067 δὲ
1260 4014 1460 4080 αὐτῶν,
1493 4010 1674 4088 ἐφάνη
1719 4012 1912 4083 ἰρήκων
1957 4009 2099 4070 ἑπτὰ
2143 4010 2373 4087 ζεύγεα,
2407 4014 2502 4074 δύο
2531 4018 2816 4087 αἰγυπιῶν

618 4107 829 4180 ζείιγεα
860 4102 1123 4163 διῶκοντά
1151 4127 1213 4160 τε
1251 4106 1342 4160 καὶ
1379 4108 1648 4161 τίλλοντα
1685 4106 1774 4161 καὶ
1811 4105 2162 4179 ἀμύσσοντα.
2246 4104 2556 4183 AEsohylus
2580 4123 2714 4163 vero
2740 4104 2815 4162 ad

618 4197 937 4255 Homerum
965 4194 1113 4253 sorte
1140 4193 1449 4271 respexerit
1475 4194 1588 4252 od.
1622 4200 1693 4253 O.
1727 4197 1864 4252 524.

697 4337 851 4395 Ιῦἰᾱ.
899 4307 1270 4412 Πτήσσω.
1334 4334 1476 4391 Prae
1493 4340 1645 4391 metu
1664 4286 1989 4414 contraham
2033 4333 2167 4393 Vid.
2191 4334 2378 4393 Gloss.
2397 4334 2692 4394 Prometh.
2715 4339 2812 4398 29.

619 4420 984 4484 constructio
1012 4428 1114 4489 est,
1141 4420 1305 4479 οῦδὲν
1334 4424 1483 4479 ἄλλο
1506 4418 1741 4496 [ἐποίει]
1770 4420 1925 4489 ἢδῑο.
1994 4419 2262 4499 Thucyd.
2289 4421 2402 4479 IV.
2426 4425 2515 4479 14.
2559 4424 2611 4480 οἱ
2640 4431 2818 4484 Λακε-

618 4511 1136 4591 δαιμόιίοι-οὒδὲν
1164 4518 1331 4580 ἄλλο,
1363 4513 1397 4580 ἢ
1426 4514 1487 4569 ἐκ
1527 4515 1630 4586 γῆς
1673 4513 2056 4591 ἐναυμάχουν.
2112 4514 2186 4571 cf.
2219 4513 2340 4571 ῙῙῙ.
2373 4516 2470 4574 39.
2511 4514 2814 4575 Demosth.
