3282 5193
660 423 810 496 138
1518 438 2025 495 GnossAan

742 644 881 701 526.
942 622 1222 724 Κρίνω.
1316 643 1603 719 conjecto.
1688 642 1824 702 vid.
1856 661 2031 721 supra
2057 645 2197 702 231.

741 793 877 854 527.
946 765 1238 873 Κυρόω.
1328 792 1623 870 Confirmo.
1708 791 1842 851 Vid.
1873 811 2048 871 supra
2086 795 2225 850 232.
2323 791 2498 849 Eum.
2533 792 2673 854 579.
2719 792 2864 850 636..

661 878 796 936 Vim
823 878 1063 944 activam
1092 897 1315 956 semper
1340 878 1514 936 habet
1540 903 1556 947 ;
1601 897 1775 957 quare
1803 880 2035 937 omnino
2063 887 2212 937 errat
2241 877 2542 937 Schutzius
2569 877 2669 956 qui
2692 878 2864 937 vertit

661 978 817 1028 recte
846 971 968 1028 talo
994 976 1122 1028 stat
1149 973 1439 1028 sententia
1467 977 1680 1028 vestra.
1765 969 2027 1030 Subaudi
2051 989 2194 1029 vero
2214 971 2316 1048 ἐμὲ
2343 975 2502 1030 τοῦτο
2531 975 2802 1051 vodium„

744 1114 879 1172 529.
944 1091 1234 1169 Φθιτοί.
1320 1111 1453 1170 vid.
1484 1129 1660 1189 supra
1687 1114 1824 1170 225.

744 1259 880 1317 530.
946 1232 1320 1320 Πέλανος.
1404 1258 1539 1318 vid.
1568 1278 1744 1338 supra
1770 1261 1913 1320 209.

745 1409 881 1466 531.
941 1383 1111 1463 Ἐπ’
1155 1383 1792 1490 ἐξειργασμένοις.
1879 1408 2066 1484 Super
2104 1408 2273 1466 rebus
2307 1427 2434 1484 quae
2467 1409 2701 1483 insecta
2723 1411 2868 1486 fieri

661 1500 962 1570 nequeunt,
992 1492 1080 1550 uti
1114 1499 1266 1551 recte
1293 1493 1539 1571 explicat
1576 1492 1947 1562 AbreschiuS,
1978 1492 2167 1552 citatis
2209 1491 2387 1571 Soph.
2418 1493 2581 1572 Ajac.
2613 1495 2752 1556 378.
2795 1502 2867 1554 Τί

647 1585 775 1656 ’δῆτ’
801 1587 876 1644 ἂν
904 1589 1146 1658 ἀλγοίης
1177 1587 1261 1643 ἐπ’
1289 1587 1790 1661 ἐξειργασμένοιςς
1834 1584 2118 1643 Herodot.
2147 1584 2324 1643 VIII.
2358 1587 2454 1645 94.
2498 1585 2587 1643 ἐπ’
2615 1587 2869 1661 ἐξειργα-

664 1682 921 1753 σμένοισι
949 1679 1164 1735 ἐλθεῖν.
1248 1675 1447 1736 Nostri
1475 1673 1740 1753 Choeph.
1773 1677 1908 1739 737.
1954 1676 2041 1734 ἐπ’
2069 1677 2252 1752 ἔργοις
2281 1675 2813 1753 διαπεπραγμένοις.

746 1820 883 1876 534.
942 1797 1247 1875 Πιστοί.
1338 1817 1676 1875 Οοπείῑίατίἰ
1719 1817 1939 1891 Regum
1985 1817 2316 1876 Persarum.
2401 1817 2534 1876 Vid.
2575 1835 2748 1896 supra
2795 1817 2870 1876 ad

664 1924 721 1964 v.
759 1910 811 1963 1.
899 1904 1173 1991 Eoonon
1200 1908 1612 1981 perspexerunt
1637 1903 1997 1980 interpretes.

744 2047 883 2106 536.
944 2018 1410 2127 Προπέμπω.
1494 2043 1750 2101 Deduc-0.
1835 2041 1971 2102 Vid.
2003 2043 2257 2102 Glossar.
2286 2042 2349 2101 in
2373 2041 2559 2101 Theb.
2596 2045 2768 2105 1072.

747 2198 885 2255 539.
952 2166 1495 2276 Μεγάλαυχος.
1580 2192 1898 2270 Maynifice
1907 2192 2173 2268 jactam.
2256 2192 2442 2251 Theb.
2480 2196 2589 2251 105
2602 2195 2655 2256 7.

747 2346 885 2402 544.
953 2322 1402 2423 Κατερείκω.
1476 2342 1713 2399 Scindo.
1797 2341 1960 2400 Idem
1978 2341 2098 2400 fere
2123 2340 2279 2420 quod
2305 2344 2495 2418 ἐρείκω
2522 2341 2673 2401 infra
2697 2345 2870 2403 1061.

652 2437 903 2490 -Πέπλον
932 2429 975 2488 δ’
993 2431 1168 2505 ἔρεικε
1197 2434 1461 2487 κολπίαν.
1536 2427 1816 2488 Herodot.
1843 2428 1963 2486 III.
1988 2429 2085 2488 66.
2120 2435 2331 2507 Πέρσαι
2361 2430 2441 2499 δέ,
2472 2435 2543 2489 ὡς
2570 2431 2671 2489 τὸν
2695 2430 2869 2505 βασι-

666 2529 777 2583 λέα
811 2523 939 2582 ’ἅδον
967 2522 1427 2590 ἃνακλαῦσαντα,
1458 2520 1665 2579 πάντες
1702 2522 1772 2579 τά
1818 2545 1879 2580 τε
1916 2523 2145 2591 ἐσθῆτος
2183 2525 2441 2602 ἐχόμενα
2481 2523 2660 2602 εἶχον,
2693 2529 2873 2582 ταῦτα

667 2622 1070 2693 κατηρείκοντο,
1100 2619 1190 2674 καὶ
1217 2617 1437 2696 οἰμωγῇ
1464 2616 1691 2691 ἀφθόνῳ
1721 2613 2073 2692 διεχρέωντο.
2144 2614 2356 2673 Versus
2381 2614 2750 2674 Alcmanicus
2776 2636 2870 2694 ap.

668 2707 975 2786 Hephaest.
998 2726 1059 2784 p.
1085 2709 1183 2766 59.
1216 2708 1635 2773 Καττίιπτεσθε,
1668 2708 1843 2782 κόραι,
1875 2711 1966 2766 καὶ
1993 2712 2378 2784 κατερείκεσθε
2405 2712 2669 2786 χιτῶνας.
2711 2732 2872 2766 κατε-

662 2806 871 2878 ρείκειν
922 2800 1079 2857 ἔτνος
1135 2796 1400 2856 dicebant
1452 2795 1834 2856 Athenienses
1887 2797 2046 2856 fabas
2099 2798 2413 2875 frangendo
2466 2798 2871 2858 comminuere.

665 2891 913 2952 Basilius
942 2889 1182 2949 Scholiis
1202 2890 1263 2947 in
1291 2888 1531 2965 Gregor.
1558 2888 1703 2947 Naz.
1729 2888 1886 2966 apud
1913 2888 2224 2947 Ruhnken.
2249 2888 2322 2947 ad
2337 2888 2621 2947 Timaeum
2648 2908 2708 2967 p.
2737 2893 2871 2948 124.

668 2987 836 3044 ἔνθεν
874 2986 963 3041 καὶ
1000 2985 1323 3057 Ἐτνὴρυσις
1366 2984 1493 3057 παρ’
1537 2982 1947 3058 Ἀριστοφάνει.
1993 2984 2150 3039 ἔτνος
2190 2976 2291 3040 οὖν
2331 2984 2468 3059 φησὶ
2507 2982 2568 3040 τὸ
2610 2982 2874 3060 ε’·ρειχθὲν

668 3080 758 3136 καὶ
789 3076 1074 3149 συγκοπὲν
1102 3078 1192 3132 καὶ
1222 3073 1436 3147 ἑψηθὲν
1466 3071 1717 3147 ὄσπριον,
1737 3072 1850 3131 ἀπὸ
1879 3078 1976 3132 τοῦ
2001 3076 2189 3150 ἐρείκω
2207 3064 2306 3132 τοῦ
2335 3076 2536 3152 σχίζω.
2593 3072 2755 3132 Οὕτω
2783 3078 2873 3132 καὶ

668 3168 1063 3240 Διογενιανός.
1150 3162 1307 3232 Quid
1332 3163 1464 3229 hoc,
1494 3164 1607 3221 ἀπὸ
1635 3167 1734 3221 τοῦ
1761 3162 1998 3239 έρείκωῗ
2041 3164 2377 3243 Legendum
2403 3172 2565 3243 pute,
2589 3167 2744 3224 ἔτνος
2770 3161 2874 3225 οὖν

664 3265 799 3339 φησὶ
830 3254 1203 3335 [κατερικτόν]
1237 3255 1299 3314 τὸ
1329 3257 1594 3333 ἐρειχθέν
1623 3280 1670 3314 κ.
1693 3280 1744 3313 τ.
1767 3261 1827 3313 λ.
1898 3255 2199 3333 Aristoph.
2219 3257 2367 3315 Rau.
2393 3259 2532 3314 502.
2573 3254 2686 3332 ἧψε
2711 3281 2872 3315 κατε-

660 3354 857 3431 ρικτῶν
898 3350 1105 3429 χύτρας
1135 3350 1369 3407 “Ervom
1412 3346 1490 3405 δὺ’
1531 3348 1565 3417 ἢ
1607 3353 1772 3425 τρεῖς.
1852 3346 1954 3405 ubi
1990 3346 2182 3406 Schol.
2227 3353 2395 3422 λέγει
2436 3353 2504 3406 τὰ
2549 3352 2871 3426 σχιζόμενα

664 3444 870 3518 ὄσπρια
889 3441 1010 3503 τοὺς
1038 3444 1297 3521 κυάμους,
1319 3444 1388 3499 τὰ
1418 3442 1770 3517 ἐρεικόμενα.
1828 3437 1921 3497 Cf.
1944 3438 2202 3517 Hesych.
2226 3438 2287 3498 in
2303 3458 2440 3497 voce
2466 3438 2872 3519 Aristophanis

665 3544 858 3596 autem
896 3535 1057 3594 locus
1096 3533 1304 3592 mendo
1344 3531 1679 3610 purgandus
1720 3536 1828 3590 est.
1911 3530 2288 3609 Etymologus
2329 3552 2390 3610 p.
2420 3532 2556 3601 387,
2595 3535 2685 3590 14.
2731 3532 2871 3591 citat

663 3629 794 3704 ὄψει
836 3646 941 3706 pro
973 3623 1105 3701 ἧψε,
1134 3632 1192 3682 et
1230 3626 1565 3701 κατερικτῶν
1603 3630 1673 3680 ut
1710 3621 1772 3679 in
1811 3620 1944 3679 edd.
2030 3619 2143 3678 Sed
2181 3620 2487 3700 legendum
2529 3627 2876 3700 κατερικτοῦ,

662 3708 836 3797 prout
863 3717 1071 3775 citatur
1097 3716 1171 3773 ab
1200 3716 1416 3773 Ioanne
1445 3713 1704 3771 Diacono
1729 3712 1790 3769 in
1817 3711 2060 3770 Hesiod.
2088 3732 2148 3791 p.
2171 3716 2308 3771 212.
2395 3713 2651 3792 Respicit
2677 3714 2874 3773 forsan

663 3807 971 3886 AEschylus
1000 3806 1242 3865 Homeri
1271 3804 1438 3862 Iliad.
1471 3804 1548 3862 X.
1579 3808 1717 3863 405.
1762 3808 1796 3874 ἡ
1825 3804 1886 3863 δέ
1918 3830 1984 3863 νυ
2011 3808 2192 3883 μήτηρ
2232 3811 2420 3865 Τίλλε
2442 3807 2639 3885 κόμην,
2669 3808 2780 3867 ἀπὸ
2808 3808 2876 3867 δὲ

662 3905 911 3978 λιπαρὴν
940 3898 1135 3977 ἔῤῥιψε
1164 3898 1504 3973 καλύπτρην.

746 4046 881 4102 545.
938 4024 987 4076 *
1011 4014 1559 4117 Διαμυδάλεος.
1645 4042 1948 4100 Madian..
2034 4040 2256 4110 samaa,
2285 4041 2611 4101 Musam...-
2643 4042 2874 4123 διαβρό-

663 4155 821 4211 χους.
864 4128 1124 4207 μυδαλέα
1164 4127 1409 4202 δάκρυσι,
1442 4129 1529 4185 καὶ
1564 4128 1852 4204 μυδαλέον
1887 4128 2138 4205 δίυγρον,
2166 4133 2298 4205 παρ’
2335 4129 2684 4210 Ἀρχιλόχῳ.
2764 4132 2872 4190 Ni-

662 4224 870 4284 cander
896 4242 991 4300 ap.
1023 4219 1232 4279 AElian.
1266 4219 1344 4277 N.
1381 4218 1455 4278 A.
1487 4219 1656 4279 XVI.
1687 4223 1784 4279 28.
1827 4220 2168 4299 μυδαλέαισι
2198 4228 2417 4281 τυπαῖς.
2498 4222 2782 4283 Stanleius
2807 4222 2872 4283 in

663 4315 833 4375 Curis
874 4312 1137 4374 secundis
1177 4318 1470 4387 comparat
1511 4311 1715 4390 Eurip.
1757 4312 1961 4391 Suppl.
2005 4314 2140 4376 977.
2187 4309 2372 4388 γόοισι
2414 4314 2460 4373 δ’
2501 4317 2868 4392 όρθευομένα,

663 4409 909 4485 Διἰκρυσι
958 4404 1183 4482 νοτερὸν
1230 4406 1321 4461 ἀεὶ
1361 4408 1596 4463 πέπλων
1641 4405 1786 4482 Πρὸς
1827 4412 2039 4484 στέρνῳ
2077 4408 2268 4485 πτύχα
2310 4408 2512 4483 τέγξω.
2595 4406 2873 4469 conferas

662 4498 833 4557 etiam
860 4495 1054 4574 Apoll.
1086 4492 1280 4553 Rhod.
1315 4493 1433 4553 III.
1465 4497 1603 4554 803.
1650 4494 1778 4557 δεῦε
1805 4496 1867 4555 δὲ
1895 4496 2130 4557 κολπούς
2145 4498 2470 4571 ’Άλληκτον
2499 4498 2800 4578 δακρύοισι.
