3282 5193
575 419 675 491 16

577 3159 756 3233 XO.

1451 412 1986 488 ΑΙΣΧΥΛΟΥ
2025 491 2034 500 ,

796 615 1397 721 διασπαράσσει,
1461 623 1584 697 καὶ
1644 614 2107 723 ξυναρπάζει
2163 619 2324 724 βίᾳ,
2709 629 2868 696 200

796 745 973 826 ἄνευ
1030 752 1393 850 χαλινῶν,
1454 748 1573 824 καὶ
1637 741 1865 847 ζυγὸν
1921 742 2180 847 θραύει
2231 744 2502 842 μέσον.

796 875 1053 952 πίπτει
1112 872 1174 951 δ’
1219 870 1391 971 ἐμὸς
1447 879 1650 968 παῖς,
1712 873 1834 950 καὶ
1890 867 2138 973 πατὴρ
2197 872 2661 973 παρίσταται

802 1007 1150 1102 Δαρεῖος,
1211 1001 1593 1102 οἰκτείρων
1653 1000 1844 1102 σφέ·
1935 994 2069 1077 τὸν
2129 996 2192 1076 δ’
2234 993 2437 1081 ὅπως
2493 1001 2632 1104 ὁρᾷ

798 1128 1122 1233 Ξέρξης,
1180 1127 1522 1210 πέπλους
1579 1124 1952 1229 ῥήγνυσιν
2009 1128 2203 1231 ἀμφὶ
2261 1126 2579 1223 σώματι.

801 1258 924 1337 καὶ
981 1262 1216 1335 ταῦτα
1270 1251 1409 1353 μὲν
1468 1250 1559 1353 δὴ
1621 1251 1888 1336 νυκτὸς
1932 1237 2254 1333 ἐἰσιδεῖν
2309 1253 2533 1355 λέγω.
2710 1267 2862 1332 205

799 1385 957 1462 ἐπεὶ
999 1381 1080 1460 δ’
1119 1381 1469 1481 ἀνέστην,
1531 1383 1652 1461 καὶ
1709 1387 1967 1484 χεροῖν
2026 1375 2485 1482 καλλιρῤόου

800 1504 1114 1612 ἔψαυσα
1169 1513 1444 1608 πηγῆς,
1507 1504 1648 1612 ξὺν
1709 1503 2066 1612 θυηπόλῳ
2124 1510 2292 1610 χερὶ

798 1639 1030 1742 βωμῷ
1086 1633 1557 1733 προσέστην,
1617 1630 2126 1733 ἀποτρόποισι
2185 1636 2491 1733 δαίμοσι

800 1757 1138 1840 θέλουσα
1196 1765 1425 1838 θῦσαι
1482 1756 1842 1855 πέλανον,
1903 1752 2008 1838 ὧν
2065 1756 2249 1859 τέλη
2309 1758 2511 1839 τάδε.

801 1889 947 1990 ὁρῶ
1005 1885 1087 1965 δὲ
1146 1883 1497 1992 φεύγοντ’
1540 1883 1760 1966 ἀετὸν
1817 1883 2007 1988 πρὸς
2064 1883 2403 1990 ἐσχάραν
2708 1899 2866 1965 210

801 2012 1116 2108 Φοίβου“
1202 2008 1425 2120 φόβῳ
1484 2009 1545 2090 δ’
1587 2007 1983 2117 ἄφθογγος
2044 2009 2398 2112 ἐστάθην,
2462 2013 2712 2118 φίλοι·

798 2139 1271 2242 μεθύστερον
1330 2138 1412 2218 δὲ
1474 2140 1733 2242 κίρκον
1792 2145 2065 2240 εἰσορῶ
2125 2137 2374 2246 δρόμῳ

800 2273 1100 2370 πτεροῖς
1158 2268 1735 2372 ἐφορμαίνοντα,
1799 2268 1920 2345 καὶ
1976 2273 2249 2369 χηλαῖς
2306 2264 2498 2369 κάρα

801 2393 1186 2475 τίλλονθ’·
1271 2396 1312 2473 ὁ
1366 2392 1427 2473 δ’
1457 2390 1676 2473 οὐδὲν
1733 2387 1934 2472 ἄλλο
1993 2394 2090 2495 γ’,
2149 2389 2196 2493 ἦ
2258 2393 2549 2499 πτήξας
2608 2395 2832 2493 δέμας

801 2529 1138 2626 παρεῖχε·
1224 2519 1425 2602 ταῦτ’
1468 2516 1722 2622 ἔμοιγε
1781 2517 2059 2619 δείματ’
2104 2513 2258 2599 ’ἐστ’
2303 2524 2510 2618 ἰδεῖν,
2707 2537 2861 2601 215

802 2650 973 2747 ὑμῖν
1034 2647 1095 2726 δ’
1136 2646 1455 2727 ἀκούειν.
1546 2642 1627 2726 εὖ
1686 2648 1832 2750 γὰρ
1897 2648 2087 2745 ἴστε,
2147 2656 2323 2751 παῖς
2381 2646 2580 2745 ἐμός,

799 2772 1096 2882 πράξας
1152 2771 1290 2874 μὲν
1350 2770 1456 2873 εὖ,
1517 2772 1955 2875 θαυμαστὸς
2014 2772 2106 2855 ἂν
2164 2776 2432 2879 γένοιτ’
2477 2776 2693 2879 ἀνήρ·

804 2910 1041 2987 κακῶς
1097 2901 1178 2981 δὲ
1236 2901 1554 3009 πράξας,
1617 2905 1758 3006 οὐχ
1819 2901 2230 2987 ὑπεύθυνος
2287 2902 2532 3001 πόλει,

804 3032 1073 3111 σωθεὶς
1131 3029 1220 3123 δ’,
1282 3032 1548 3126 ὁμοίως
1606 3032 1842 3127 τῆσδε
1903 3036 2234 3129 κοιρανεῖ
2283 3027 2579 3130 χθονός.

810 3149 899 3232 οὔ
956 3188 1050 3233 σε
1107 3152 1628 3250 βουλόμεσθα,
1687 3159 1948 3254 μῆτερ,
2012 3146 2163 3231 οὔτ’
2207 3149 2402 3253 ἄγαν
2460 3161 2735 3261 φοβεῖν

1248 3277 1531 3383 λόγοις,
2711 3299 2868 3364 220

580 3482 741 3543 Med.
774 3483 1077 3544 Lambeth.
1107 3488 1245 3555 αὒτὴ
1268 3482 1458 3564 δίφρον
1486 3483 1676 3563 conje-
1856 3487 1992 3541 212.
2047 3484 2170 3562 μεθ’
2227 3484 2456 3559 ὕστερον
2524 3484 2660 3543 Ald.
2717 3485 2867 3543 Rob.

579 3575 734 3622 cerat
761 3564 1063 3622 Canterus.
1773 3562 1955 3621 Turn.

663 3667 798 3722 200.
844 3666 1245 3739 διασπαράττει
1274 3665 1403 3722 edd.
1434 3674 1547 3721 vet.
1855 3646 1992 3699 213·
2038 3651 2264 3717 πΤεΡΟῙν
2294 3642 2383 3699 Μ·
2417 3647 2472 3700 2·

663 3768 799 3823 205.
844 3766 1056 3824 ἐσιδεῖν
1081 3764 1229 3821 Rob.

1857 3722 1992 3774 214.
2037 3720 2114 3776 ὅδ’
2142 3720 2276 3775 Ald.
2363 3718 2538 3775 Deest
2567 3720 2622 3793 γ’
2641 3721 2701 3778 in
2729 3719 2866 3779 Ald.

1775 3793 1924 3850 Rob.
1950 3799 2027 3871 τῷ
2044 3802 2158 3869 κίρκ
2222 3796 2523 3853 τύπτεσθαι
2546 3804 2678 3871 post
2699 3798 2870 3875 δέμας

664 3870 799 3926 206.
845 3872 1180 3945 καλλισρόου
1208 3867 1344 3926 Ald-
1382 3870 1679 3944 καλιῤῥόου
1772 3870 2116 3930 interserunt
2199 3870 2278 3929 ld.
2303 3872 2540 3931 Barocc.

580 3948 762 4006 Turn.

1855 3951 1990 4019 215.
2037 3949 2272 4009 Mallem
2296 3952 2421 4028 ἐμοί
2442 3977 2504 4010 τε
2525 3951 2737 4029 δείματ’
2758 3956 2871 4013 ἔστ’

663 4054 798 4110 208.
842 4049 1041 4130 βωμὸν
1084 4049 1243 4107 Med,
1289 4047 1357 4106 L,
1404 4047 1569 4106 (3011),
1616 4052 1675 4106 2,
1777 4027 1936 4097 ἰδεῖν,
1965 4031 2130 4107 Ὑμῖν
2150 4030 2194 4088 τ’
2215 4031 2459 4089 ἀκούειν.
2506 4031 2619 4090 Sed
2638 4034 2872 4112 vulgata

1775 4106 1910 4165 satis
1927 4108 2071 4167 bene
2091 4129 2150 4168 se
2171 4110 2401 4179 habent,
2423 4120 2481 4168 et
2497 4110 2641 4168 nihil
2661 4120 2872 4173 temere

585 4170 777 4233 Guelf·
814 4147 1013 4247 βωμῗῗν
1060 4165 1193 4243 (sic)
1237 4165 1326 4225 M·
1377 4170 1431 4224 2·
1489 4165 1674 4225 Theb·
1774 4188 2133 4248 mutandum.
2181 4188 2871 4265 Sophoel.OEd.T.1169.

582 4358 671 4391 Ταί
678 4375 693 4390 0

590 4256 722 4311 125·
772 4253 981 4310 “fflfflst‘
1028 4246 1295 4325 ἑβδόμαις
1348 4250 1681 4322 ’‘9⁰⁰lm'ffl'*
1778 4269 1968 4343 θ’ἱμοι,
2004 4269 2136 4345 πρὸς
2175 4272 2323 4346 αὐτῷ
2361 4268 2414 4342 γ’
2442 4272 2568 4369 εἰμι’
2594 4276 2668 4347 τῷ
2707 4272 2871 4352 δεινῷ

1776 4353 1997 4419 λέγειν.
2044 4354 2145 4406 ΟΙ.
2178 4349 2412 4422 Κᾶγωγ’
2439 4353 2681 4407 &nouem

665 4436 804 4492 210.
838 4438 1053 4510 φεῦγον
1070 4433 1117 4491 τ’
1142 4431 1279 4491 Ald.
1311 4431 1460 4490 Dein
1487 4431 1679 4489 αἰετὸν
1859 4429 1993 4486 220.
2030 4426 2361 4505 βουλόμεθα
2377 4425 2513 4486 Ald.
2533 4429 2710 4506 μάτερ
2730 4429 2867 4489 Ald.

585 4513 716 4571 edd.
746 4519 861 4570 vet.
891 4512 1082 4570 forsan
1109 4518 1280 4569 recte.
1777 4505 1926 4563 Rob.
