3282 5193
718 430 865 502 162
1572 441 2078 496 αιοεειΑΒΙΠΜ

720 623 929 702 quibus
956 623 1187 684 minime
1212 622 1436 682 accedo.
1516 622 1783 700 Intelligo
1799 622 2010 700 potius,
2030 629 2198 680 extra
2217 642 2375 680 mare
2389 623 2667 696 AEyoeum,
2689 621 2926 691 scilieet,

720 735 852 794 quse
898 716 959 774 in
1001 715 1341 783 continente,
1381 721 1440 772 et
1484 713 1633 773 circa
1677 713 2134 792 Hellespontum,
2177 712 2428 791 itemque
2471 712 2827 791 Propontida
2869 721 2932 773 et

721 807 1061 884 Bosporum,
1093 805 1213 884 regi
1238 805 1533 884 parebant.

802 964 942 1026 878.
996 940 1324 1043 Χέρσος.
1411 960 1619 1018 recem.
1701 958 1959 1036 stingum,
2003 961 2115 1035 ary
2156 959 2316 1016 land.
2400 955 2534 1015 vid.
2565 975 2742 1034 supra
2787 959 2925 1022 513.

722 1048 836 1108 Vix
860 1048 1023 1108 innui
1049 1046 1382 1106 crediderim
1411 1045 1853 1105 Chersonesum.

801 1203 960 1262 [bid.
998 1175 1371 1260 Ἐλαῦνω.
1453 1201 1663 1274 Adiqo.
1749 1198 2049 1258 Interdum
2077 1198 2148 1257 de
2183 1196 2364 1256 muris
2389 1196 2646 1275 ponitur.
2733 1196 2930 1255 Hero-

725 1290 843 1348 dot.
874 1289 1016 1347 VII.
1054 1292 1184 1349 139.
1254 1293 1353 1358 τὴν
1402 1292 1652 1365 ὠφελίην
1694 1291 1798 1356 τὴν
1839 1291 1950 1345 τῶν
1994 1292 2234 1364 τειχέων
2278 1289 2390 1343 τῶν
2433 1285 2524 1344 διὰ
2565 1287 2666 1344 τοῦ
2701 1285 2936 1360 Ἰσθμοῦ

724 1383 1102 1459 ἐληλαμένων
1128 1384 1192 1438 οὒ
1222 1378 1465 1457 δῦναμαι
1491 1383 1769 1439 πυθέσθαι
1797 1376 1912 1450 ἦτιε
1940 1380 2015 1436 ἂν
2041 1375 2095 1457 ᾗ.
2181 1377 2292 1435 ῙΧ.
2326 1381 2384 1437 9.
2433 1382 2653 1490 τείχεος
2698 1376 2790 1435 διὰ
2831 1385 2929 1437 τοῦ

723 1476 951 1548 Ἰσθμοῦ
979 1475 1341 1549 ἐληλαμένου
1370 1477 1650 1546 κρατεροῦ.
1722 1470 1912 1538 Quare
1933 1471 2224 1547 εληλαμέν
2229 1494 2288 1527 αι
2315 1472 2439 1542 περὶ
2468 1492 2686 1543 πυργον
2709 1467 2928 1526 dictum

726 1563 987 1622 existimo
1032 1583 1139 1640 pro
1184 1568 1669 1640 περιεληλαμέναι
1716 1586 1949 1638 πυργον,
1992 1560 2033 1619 ἰ.
2077 1579 2128 1619 e.
2169 1559 2376 1638 quibus
2417 1584 2628 1635 πυργος
2672 1564 2930 1634 περιελή-

724 1659 913 1722 λαται,
956 1659 1025 1710 ut
1070 1677 1245 1712 επικει
1230 1659 1418 1730 ίμενοε
1460 1659 1527 1734 τῇ
1572 1658 1788 1734 κεφαλῇ
1831 1654 2048 1727 κράνος,
2089 1659 2147 1710 et
2195 1650 2442 1719 Horatii,
2487 1652 2628 1710 loevo
2668 1653 2932 1726 suspensi

726 1746 938 1803 loculos
965 1745 1327 1822 tabulamque
1352 1745 1589 1802 lacerto.
1674 1744 1809 1802 Vid.
1835 1744 2086 1803 Glossar.
2109 1742 2173 1801 in
2200 1741 2494 1800 Prometh.
2523 1743 2658 1805 736.
2743 1742 2819 1799 Et
2847 1741 2931 1802 sic

728 1834 920 1894 Schol.
980 1841 1095 1893 τοῖς
1140 1841 1359 1912 τείχεσι
1408 1837 1840 1912 κεκυκλὼμεναι.
1926 1833 2228 1893 Schutzius
2266 1833 2440 1892 vertit
2480 1835 2736 1892 reductae
2773 1835 2930 1893 cirea

728 1931 1058 1985 terrestrem
1083 1947 1317 1996 murum,
1349 1926 1505 2006 quod
1531 1926 1721 1986 minus
1748 1925 1931 2005 capi0.
2014 1925 2150 1984 Vid.
2181 1944 2354 2003 supra
2387 1927 2519 1988 777.

808 2095 947 2154 880.
1008 2067 1341 2155 Πλατύς.
1409 2094 1613 2151 Latus.
1681 2093 1874 2152 Sehol.
1905 2095 1996 2152 ἐπὶ
2025 2098 2232 2151 πλατεῖ
2253 2090 2684 2171 Ἑλλησπόντῳ.
2740 2091 2934 2151 Verba

731 2187 864 2240 sunt
882 2179 1141 2249 Homeri,
1164 2180 1331 2239 Iliad.
1352 2186 1426 2238 H.
1449 2183 1547 2239 86.
1590 2180 1911 2241 Athenaeus
1929 2181 2015 2239 II.
2039 2201 2099 2258 p.
2120 2183 2218 2238 41.
2242 2186 2309 2238 Β.
2337 2178 2934 2257 Ὀμηροὲ-διαστέλ·

728 2279 819 2331 λει
858 2275 947 2330 καὶ
985 2270 1165 2347 γλυκῦ
1205 2271 1349 2348 ὕδωρ
1389 2272 1503 2330 ἀπὸ
1545 2276 1807 2330 πλατέος·
1852 2272 1951 2331 τὸν
1977 2273 2086 2348 μὲν
2109 2271 2535 2343 Ἑλλήσποντον
2563 2271 2710 2330 εἶναι
2737 2276 2936 2346 λέγων

729 2364 976 2422 πλατΰν.
1040 2365 1181 2436 ὑπὲρ
1235 2365 1296 2422 δὲ
1350 2369 1585 2439 θατέρου
1638 2365 1886 2442 φράζων,
1945 2367 2246 2442 Στήσαμεν
2302 2368 2441 2435 νῆας
2494 2367 2686 2442 ἀγχοῦ
2737 2363 2936 2422 ὕδατος

710 2463 1045 2532 .γλυκεροῖο.
1130 2456 1391 2535 Hesych.
1454 2455 1654 2515 Πλατῦ
1692 2455 1853 2534 ὕδωρ.
1909 2457 1971 2516 τὸ
2000 2458 2276 2536 ἁλμυρόν.
2360 2455 2641 2513 Herodot.
2673 2456 2760 2514 II.
2797 2459 2933 2516 109.

731 2555 1131 2618 πλατυτέροισι
1161 2551 1437 2627 ἐχρέωντο
1467 2555 1611 2607 τοῖσι
1641 2551 1875 2625 πόμασι,
1903 2551 1967 2609 ἐκ
2004 2550 2256 2629 φρεάτων
2297 2549 2630 2627 χρεώμενοι.
2714 2544 2932 2605 088811-

730 2643 917 2700 bonus
936 2640 1009 2698 ad
1025 2640 1375 2698 Athenaeum
1392 2639 1433 2696 l.
1458 2657 1509 2696 e.
1532 2638 1661 2698 loca
1675 2640 1942 2717 quaedam
1959 2659 2028 2699 ex
2043 2640 2352 2699 Aristotele
2367 2640 2602 2718 profert,
2620 2637 2722 2697 ubi
2741 2641 2935 2698 πλατῦ

729 2733 943 2791 salsum
969 2729 1287 2808 significare
1306 2728 1589 2789 videatur.
1673 2730 1786 2787 Sed
1813 2730 1962 2789 hanc
1989 2750 2110 2789 esse
2125 2730 2242 2789 vim
2263 2731 2386 2808 ejus
2407 2729 2564 2808 apud
2591 2730 2933 2800 Homerum,

730 2823 826 2881 vix
854 2822 1155 2901 quisquam
1178 2828 1264 2880 est
1289 2820 1463 2879 hodie
1484 2820 1583 2899 qui
1604 2819 1820 2881 credat.
1905 2820 2224 2881 Scholiasta
2236 2821 2490 2881 Venetus
2517 2821 2783 2900 intelligit
2809 2841 2938 2881 eam

734 2912 1096 2990 Hellesponti
1122 2919 1342 2989 partem
1369 2912 1469 2970 ubi
1499 2914 1840 2989 πλατύτεροε
1867 2930 1988 2971 esse
2022 2911 2243 2990 incipit.
2328 2912 2442 2971 Sed
2466 2932 2658 2972 veram
2694 2912 2940 2991 epitheti

732 3004 1011 3061 rationem
1037 3003 1287 3061 reddidit
1311 3002 1591 3062 Woodius
1629 3010 1854 3062 nostras
1893 3003 1956 3063 in
1995 3003 2234 3063 Troadis
2271 3003 2666 3081 Descriptione
2701 3025 2762 3081 p.
2792 3008 2937 3063 320.

733 3093 835 3151 ubi
878 3092 1195 3152 observavit
1240 3093 1561 3151 Homerum
1601 3100 1660 3150 et
1704 3094 2067 3153 Herodotum
2111 3094 2182 3153 de
2223 3095 2620 3174 Hellesponto,
2663 3095 2825 3174 quasi
2866 3096 2941 3153 de

718 3185 923 3258 fluvi0,
951 3182 1172 3239 locutos
1200 3200 1340 3239 esse.
1426 3182 1646 3240 Xerxes
1673 3183 1829 3260 apud
1857 3184 2138 3244 Herodot.
2164 3185 2306 3244 VII.
2329 3189 2425 3244 35.
2496 3186 2940 3265 Hellespontum

738 3274 971 3353 δολερόν
999 3298 1060 3333 τε
1090 3277 1178 3331 καὶ
1206 3274 1461 3350 ἁλμυρὸν
1491 3278 1750 3351 ποταμόν
1773 3282 1955 3333 vocat.
2040 3277 2328 3336 Homerus
2347 3284 2537 3336 autem
2561 3278 2696 3336 dicit
2713 3276 2944 3337 πλατύν

736 3373 794 3425 et
828 3369 1132 3447 ἅγάῤῥοον,
1162 3365 1318 3445 quod
1345 3365 1416 3425 de
1442 3367 1599 3425 nullo
1626 3367 1774 3426 mari
1800 3368 1964 3427 dixit.
2048 3369 2222 3437 Quod
2259 3376 2452 3427 autem
2492 3368 2700 3446 objecit
2737 3388 2942 3429 censor

737 3459 969 3537 quidam
998 3458 1341 3518 semidoctus
1369 3457 1427 3515 in
1456 3456 1714 3517 Censura
1739 3458 2012 3518 Edinensi
2039 3460 2204 3519 Tom.
2237 3460 2407 3519 XXI.
2437 3481 2497 3538 p.
2536 3462 2665 3519 136.
2716 3461 2944 3523 Helles-

736 3558 982 3628 pontum
1009 3550 1178 3609 etiam
1208 3554 1483 3625 ἀπείρονα
1511 3550 1668 3628 apud
1695 3550 2016 3609 Homerum
2043 3551 2256 3620 audire,
2285 3551 2347 3609 id
2373 3552 2584 3610 nullius
2610 3558 2696 3610 est
2721 3553 2940 3629 ponde-

739 3640 833 3710 ris,
854 3641 1132 3720 siquidem
1156 3640 1311 3699 istud
1332 3641 1629 3717 epitheton
1649 3640 1724 3698 ad
1743 3641 2156 3719 longitudinem
2177 3642 2326 3709 freti,
2349 3661 2465 3700 non
2487 3643 2560 3701 ad
2577 3642 2943 3701 latitudinem

740 3739 979 3808 spectat.
1064 3731 1216 3789 Cum
1231 3730 1477 3788 Woodio
1505 3738 1698 3789 autem
1726 3732 2088 3791 consentiunt
2105 3732 2328 3811 judices
2353 3732 2561 3803 idonei,
2581 3734 2945 3795 Chandlerus

738 3820 799 3878 in
827 3821 967 3880 Itin.
998 3820 1182 3879 Asiat.
1203 3842 1263 3898 p.
1290 3823 1381 3878 10.
1415 3829 1471 3878 et
1500 3821 1822 3882 Larcherus
1849 3824 1924 3881 ad
1952 3823 2237 3884 Herodot.
2266 3825 2338 3883 T.
2368 3825 2442 3884 V.
2472 3845 2533 3903 p.
2559 3830 2698 3890 297.

820 3977 959 4036 881.
1031 3949 1353 4057 Μύχιος.
1437 3976 1512 4033 In
1539 3995 1761 4033 recessu
1787 3979 1953 4047 citus,
1984 3977 2074 4036 vel
2099 3980 2377 4036 sinuosus.
2449 3982 2661 4038 κόλπον
2691 3984 2946 4055 Προπον-

738 4063 882 4123 τίδοε
909 4068 1074 4121 vocat
1109 4061 1449 4139 Apollonius
1491 4062 1685 4121 Rhod.
1718 4063 1769 4121 I.
1804 4066 1939 4123 983.
2026 4064 2098 4122 In
2138 4064 2548 4143 antiquissimis
2586 4066 2944 4144 temporibus

738 4156 1006 4301 videntufr
1052 4153 1357 4231 Propontis
1398 4161 1455 4213 et
1488 4154 1782 4232 Bosporus
1821 4154 2132 4214 Thraeieus
2169 4156 2276 4215 sub
2320 4156 2682 4235 Hellesponti
2714 4157 2947 4217 nomine

738 4244 943 4305 inclusi
992 4242 1162 4302 uisse.

819 4402 959 4460 882.
1017 4371 1411 4474 Στόμωμα.
1467 4398 1781 4457 Introitus.
1835 4398 2079 4456 Fauces.
2137 4398 2402 4477 Intellige
2418 4400 2740 4478 Bosporum
2759 4400 2948 4461 Thra-

740 4487 944 4547 cicum.
1030 4485 1125 4544 Sic
1161 4484 1373 4543 Incert.
1406 4482 1583 4543 Rhes.
1614 4486 1754 4543 436.
1811 4489 1922 4555 ἥκω
1960 4486 2212 4562 περάσας
2255 4491 2424 4547 ναυσὶ
2462 4491 2696 4549 πόντιον
2737 4494 2945 4569 στόμα.
