3282 5193
563 415 612 486 6
1435 406 1972 481 ΑΙΣΧΥΛΟΥ

894 623 1164 694 πτολις
1220 603 1365 709 τ”δη
1422 611 1831 705 βασίλειος

897 735 1226 841 στρατὸς
1286 742 1386 819 εἰς
1443 737 1854 838 ἀντίπορον
1906 738 2067 836 ,γεί-

899 898 1081 943 τονα
1138 864 1414 968 χώραν,
1475 861 1906 965 λινοδέσμῳ

897 990 1172 1094 σχεδίᾳ
1229 985 1570 1090 πορθμὸν
1629 989 1959 1091 ἀμείψας

1003 1116 1550 1214 Ἀθαμαντίδος
1575 1113 1903 1207 ”Ελλας,

2754 1131 2889 1208 70·

1003 1241 1516 1345 πολύγομφον
1573 1235 1857 1338 ὅδισμα

1013 1367 1242 1473 ζυγὸν
1301 1366 1760 1475 ἀμφιβαλὼν
1819 1369 1947 1446 αὖ·

1236 1496 1402 1599 χένι
1460 1492 1763 1574 πόντου.

1013 1619 1501 1723 πολυάνδρου
1561 1621 1622 1699 δ’
1662 1620 1931 1703 Ἀσίας
1988 1619 2161 1699 θού-
2230 1649 2237 1654 ·

1012 1781 1174 1850 ριος
1234 1742 1488 1851 ἄρχων
1548 1748 1671 1825 ἐπὶ
1725 1753 1986 1824 πᾶσαν

2447 1624 2606 1702 ἀντ.
2652 1621 2742 1701 α’.

1009 1871 1250 1979 χθόνα
1305 1870 1798 1976 ποιμανόριον
1858 1877 2003 1951 θεῖ-

1017 2035 1104 2081 ον
1160 1999 1458 2080 ἐλαύνει
1514 1997 1840 2104 διχόθεν,
1901 2032 2032 2078 πε-

1019 2124 1388 2230 ζονόμοις,
1448 2120 1531 2206 ἔκ
1589 2161 1671 2205 τε
1729 2123 2138 2209 θαλάσσας

1012 2261 1363 2360 ὀχυροῖσι
1419 2250 1795 2337 πεποιθὼς

1123 2389 1541 2489 στυφελοῖς
1599 2382 1923 2489 ἐφέταις,
1982 2411 2163 2484 χρυ·

473 2583 488 2594 ’
566 2618 626 2674 p.
651 2598 749 2659 67.
771 2600 830 2654 et
847 2593 1278 2674 Hephaestionis
1297 2594 1490 2653 locum
1509 2593 1667 2651 illus-

565 2683 681 2733 trat
707 2693 951 2751 magnus
978 2672 1271 2733 Bentleius
1303 2672 1366 2730 in
1391 2672 1564 2731 Notis
1592 2672 1668 2732 ad

568 2752 763 2812 Ionica
779 2751 1010 2811 Horatii
1027 2751 1218 2811 Carm.
1239 2751 1362 2811 111.
1379 2750 1480 2811 xii.
1516 2750 1667 2810 Haec

567 2830 827 2909 AEschyli
855 2829 1166 2909 decapodia
1191 2837 1524 2890 tetrametra
1551 2830 1667 2889 duo

565 2930 698 2969 cum
723 2909 894 2967 tertio
929 2909 1170 2968 dimetro
1204 2909 1426 2967 efficere
1452 2916 1663 2987 potest.

567 2986 780 3045 Melior
821 2994 1013 3045 autem
1055 2986 1254 3044 divisio
1292 2986 1357 3045 in
1395 2987 1668 3047 dimetros

565 3064 810 3123 videtur.
855 3071 873 3099 ‘
889 3063 1056 3122 Nihil
1072 3070 1266 3121 tamen
1282 3063 1456 3122 refert
1471 3072 1668 3124 utrum

566 3143 789 3211 tribus,’
828 3142 1003 3201 verba
1039 3147 1175 3200 sunt
1211 3140 1421 3201 summi
1451 3142 1559 3201 viri
1593 3145 1669 3202 ad

566 3221 758 3283 Flacci
784 3221 873 3281 sui
901 3219 1113 3289 Ionica,
1160 3226 1178 3254 ‘
1198 3240 1272 3278 an
1299 3220 1539 3291 duabus,
1568 3230 1669 3281 aut

564 3300 751 3370 unica,
782 3300 832 3359 si
857 3300 982 3358 fieri
1012 3297 1212 3377 possit,
1246 3298 1398 3357 linea
1428 3299 1669 3380 decapo-

568 3380 664 3438 dia
683 3398 928 3459 quaeque
945 3378 1265 3439 scribatur?
1286 3379 1325 3405 '’
1371 3378 1670 3440 Hactenus

571 3460 876 3518 Burneius.
923 3463 1096 3519 ταῦτα
1127 3458 1206 3527 δέ,
1236 3458 1422 3537 inquit
1450 3459 1669 3519 Scholi-

569 3546 710 3606 asta,
742 3537 1083 3615 κωμῳδεῖται
1118 3540 1361 3595 Εὔπολις
1390 3542 1456 3596 ἐν
1485 3545 1671 3615 Μαρί-

573 3631 660 3689 neq·
747 3621 1082 3689 Πεπὲρακεν
1109 3619 1216 3691 μὲν
1245 3618 1274 3671 ὁ
1303 3624 1670 3691 περσέπτολις

571 3693 677 3761 ἤδη
706 3698 981 3767 Μαρίκας.
1051 3691 1350 3768 Eupolidis
1367 3710 1561 3751 versus
1580 3695 1672 3751 vel

572 3776 904 3828 tetrameter
924 3769 1154 3827 Ionicus
1181 3768 1540 3828 catalecticus
1566 3779 1670 3839 est,

575 3848 664 3906 vel
709 3854 843 3925 post
886 3852 1143 3922 Μαρίκαε
1185 3845 1525 3925 sequebatur
1564 3867 1674 3905 vox

576 3924 1001 4003 monosyllaba3
1044 3925 1284 3984 fortasse
1309 3932 1421 3983 καί.

660 4006 757 4064 68.
800 4007 988 4081 χθόνα
1027 4024 1135 4083 pro
1170 4004 1370 4082 χώραν
1411 4004 1562 4066 Rob.
1601 4004 1671 4064 C.

576 4084 710 4143 Vid.
739 4083 889 4143 infra
917 4086 1013 4149 76.
1706 4120 1715 4126 -

662 4167 756 4226 70.
789 4162 1007 4236 Ἕλλης
1061 4161 1192 4221 edd.
1237 4165 1455 4221 Ἕλλας
1510 4160 1673 4221 Med.

579 4242 744 4301 Colb.
780 4246 836 4301 2.

658 4322 816 4379 lbid.
861 4322 935 4380 In
959 4322 1054 4381 his
1073 4340 1174 4401 pes
1194 4320 1432 4400 quisque
1457 4320 1677 4412 primus

581 4408 668 4457 est
694 4398 1086 4461 Mesomacrus
1113 4428 1345 4459 w-w.
1407 4400 1673 4459 Diomed.

581 4475 738 4554 apud
779 4475 1017 4536 Putsch.
1061 4499 1122 4556 p.
1158 4483 1298 4543 478.
1383 4478 1677 4538 Secundus

2760 2401 2861 2466 80

1764 2600 1851 2651 est
1906 2588 2195 2651 Molossus
2249 2591 2630 2655 catalecticus.
2714 2600 2866 2657 Bur-

1764 2691 1944 2730 news.

1849 2752 1944 2813 71.
2003 2749 2225 2823 πολΰγο
2310 2747 2315 2757 ’
2340 2748 2370 2808 ν
2425 2754 2657 2832 ἔρεισμα
2712 2754 2863 2817 Rob.

1767 2849 1823 2888 v.
1856 2832 1907 2887 1.
1937 2827 2094 2907 apud
2122 2762 2335 2888 Schbd‘f?

1852 2909 1948 2968 76.
1990 2910 2190 2985 χῶραν
2230 2927 2337 2985 pro
2376 2912 2563 2987 χθόνα
2606 2909 2757 2969 Rob.
2791 2910 2861 2970 C.

1767 2991 2153 3061 ποιμανόριον,
2188 2994 2403 3063 praeter
2434 2989 2565 3049 edd.
2601 2996 2659 3047 et
2686 2988 2863 3047 MSS.

1767 3063 1984 3122 habent
2003 3064 2273 3123 Eustath.
2303 3086 2364 3144 p.
2398 3071 2535 3128 212.
2560 3072 2657 3127 43.
2716 3067 2869 3126 Pha.

1767 3142 1949 3201 vorin.
1979 3164 2039 3203 v.
2072 3143 2393 3221 Ποιμάνωρ.

1853 3223 1949 3284 78.
1993 3222 2287 3294 θαλάσσης
2312 3244 2531 3285 omnes.

1851 3302 1947 3363 79.
1994 3305 2247 3381 ἐχυροῖσι
2265 3303 2336 3361 L.
2357 3304 2447 3361 Μ.
2474 3308 2526 3361 l.
2546 3322 2677 3381 quae
2694 3302 2869 3380 scrip—

1769 3387 1916 3450 tura,
1936 3382 2261 3462 ubicunque
2276 3381 2537 3450 occurrit,
2556 3382 2617 3439 in
2632 3381 2868 3439 alteram

1770 3458 2131 3520 reformanda
2165 3468 2269 3530 est,
2309 3459 2581 3539 quicquid
2610 3458 2867 3517 Wassius

1770 3537 1846 3595 ad
1871 3538 2139 3619 Thucyd.
2170 3539 2223 3597 Ῑ.
2254 3542 2352 3598 35.
2396 3546 2454 3597 et
2480 3538 2577 3597 alii
2600 3537 2867 3597 dixerint.

1774 3615 1847 3671 In
1873 3617 2081 3692 Agam.
2112 3619 2211 3673 44.
2254 3623 2406 3674 recte
2438 3617 2629 3675 editur
2660 3617 2869 3694 ὀχυρὸν

1775 3694 1971 3764 ζεῦγος
1990 3692 2321 3768 Ἀτρειδῶν.
2392 3693 2526 3750 Vid.
2554 3694 2704 3751 infra
2734 3700 2830 3754 91.

1855 3770 1955 3828 80.
2000 3774 2235 3847 ἆφέταις
2261 3768 2409 3825 Rob.
2436 3768 2602 3827 Colb.
2640 3776 2691 3828 l.
2774 3772 2871 3829 An

1777 3844 2081 3923 legendum
2128 3843 2385 3917 ἔρέταιεῖ
2469 3846 2617 3905 Dein
2748 3874 2876 3909 υσο-

1782 3929 1955 4002 νόμου
1976 3925 2115 3984 Ald.
2137 3926 2317 3985 Turn.
2344 3924 2546 4003 Steph.
2570 3925 2672 3985 Me
2718 3971 2733 3987 .
2763 3929 2873 3987 Ba-

1778 4021 1925 4062 rocc.
1948 4003 2016 4063 C.
2038 4004 2130 4063 M.
2157 4010 2208 4063 l.
2231 4009 2287 4063 2.
2332 4003 2500 4063 colb.
2527 4009 2579 4065 1.
2602 4011 2659 4067 2.
2702 4008 2873 4067 Lam-

1774 4081 1935 4140 beth.
1979 4087 2333 4162 χρυσογόνου
2360 4085 2550 4144 ceteri.
2583 4086 2776 4148 Schol.
2806 4090 2869 4147 τὸ

1777 4160 1839 4219 δὲ
1885 4168 2237 4244 χρυσονόμου
2284 4167 2414 4223 ἀντὶ
2457 4167 2555 4223 τοῦ
2594 4172 2869 4227 πλουσίας

1777 4241 1924 4301 εἶπε.
1969 4246 2116 4304 τινὲς
2144 4246 2206 4303 δὲ
2226 4244 2581 4322 χρυσογόνου
2608 4252 2867 4321 λέγουσι,

1777 4321 1867 4381 διὰ
1926 4323 1988 4382 τὸ
2048 4325 2146 4383 τὸν
2210 4330 2433 4399 Περσέα
2487 4324 2603 4382 ἀπὸ
2659 4333 2874 4403 χρυσοῦ

1778 4408 2150 4475 γεγενῆσθαι.
2183 4404 2214 4461 ὃ
2241 4405 2331 4461 καὶ
2355 4401 2615 4477 βέλτιον.
2699 4404 2872 4472 Quae·

1777 4499 1909 4539 nam
1956 4482 2123 4541 lectio
2169 4500 2439 4559 germana
2490 4481 2564 4541 sit
2610 4481 2871 4559 equidem
