3282 5193
1381 411 1794 486 ΠΕΡΣΑῙ.

652 605 815 717 ἥξω
870 621 1232 706 λαβοῦσα
1290 616 1627 694 πέλανον
1685 615 1779 721 ἐξ
1831 622 2056 695 οἱκῶν
2111 620 2334 715 ἐμῶν.

2632 419 2740 490 39

2575 633 2734 696 530

653 742 1061 838 ἐπίσταμαι
1114 740 1255 839 μὲν
1311 745 1413 825 ὡς
1470 740 1583 820 ἐπ’
1624 742 2260 848 ἐξειργασμένοις,

652 868 828 944 ἀλλ’
868 875 975 951 εἰς
1029 867 1116 949 τὸ
1175 864 1453 948 λοιπὸν
1511 869 1585 947 εἴ
1630 902 1705 947 τι
1761 866 1856 968 δὴ
1912 874 2119 977 λῷον
2175 872 2425 951 πέλοι.

656 993 844 1091 ὑμᾶς
898 993 982 1073 δὲ
1037 991 1185 1100 χρὴ
1224 994 1335 1074 ’πὶ
1388 999 1653 1076 τοῖσδε
1709 1002 1866 1079 τοῖς
1920 999 2475 1100 πεπραγμένοις

650 1128 1003 1200 πιστοῖσι
1058 1121 1301 1201 πιστὰ
1360 1123 1775 1228 ξυμφέρειν
1829 1123 2341 1222 βουλεύματα·

654 1250 775 1325 καὶ
811 1247 1015 1326 παῖδ’
1019 1309 1042 1346 ,
1086 1248 1217 1328 ἐάν
1254 1283 1400 1353 περ
1440 1249 1633 1352 δεῦρ’
1679 1252 1858 1347 ἐμοῦ
1909 1249 2252 1354 πρόσθεν
2297 1251 2526 1359 μόλῃ,
2568 1268 2723 1332 535

648 1383 1170 1478 παρηγορεῖτε,
1232 1381 1355 1455 καὶ
1410 1375 1877 1480 προπέμπετ’
1920 1383 2022 1460 εἰς
2076 1375 2381 1477 δόμους,

644 1496 751 1600 μὴ
811 1504 941 1581 καί
989 1536 1063 1581 τι
1118 1500 1312 1607 πρὸς
1370 1509 1669 1584 κακοῖσι
1725 1500 2153 1607 πρόσθηται
2211 1504 2463 1588 κακόν.

535 1630 710 1707 XO.
774 1622 834 1708 ὦ
892 1635 1041 1708 Ζεῦ
1097 1637 1461 1725 βασιλεῦ,
1524 1638 1662 1709 νῦν
1703 1627 1932 1738 [μὲν]
1982 1637 2309 1735 Περσῶν

757 1762 907 1834 τῶν
961 1756 1465 1862 μεγαλαύχων
1521 1760 1663 1836 καὶ·
1700 1757 2204 1863 πολυάνδρων

980 1883 1349 1986 στρατιὰν
1406 1884 1720 1979 ὀλέσας,

2565 1902 2722 1966 540

758 2003 958 2088 ἄστυ
1015 2006 1101 2089 τὸ
1162 2009 1485 2090 Σούσων
1543 2011 1657 2111 ἠδ’
1698 2009 2198 2112 Ἀγβατάνων

864 2137 1119 2215 πένθει
1176 2142 1521 2246 δνοφερῷ
1579 2138 2089 2242 κατέκρυψας.

747 2267 1039 2343 πολλαὶ
1096 2265 1191 2360 δ’,
1232 2268 1543 2349 ἀταλαῖς
1599 2267 1827 2370 χερσὶ
1887 2263 2322 2367 καλύπτρας

494 2609 635 2666 530.
678 2605 789 2670 ἄξω
817 2605 1008 2665 Guelf.

494 2689 634 2744 531.
676 2685 1201 2764 ἐπεξειργασμένως
1244 2686 1380 2745 Ald.
1432 2690 1520 2747 ἐπ’

416 2768 858 2841 ἐξειργασμένος
887 2766 1036 2824 Rob.

496 2848 633 2904 532.
692 2850 859 2903 πέλει
918 2843 1056 2902 Ald.
1113 2845 1264 2903 Rob.
1323 2842 1517 2904 Schol.

414 2928 577 2985 εἷπον
604 2925 750 2983 τινὲς
790 2923 911 2982 εἶεν
953 2928 1102 2993 ζωοί,
1138 2927 1260 2993 ἤτοι
1291 2927 1513 2992 ζῶντες.

413 3004 567 3063 unde
594 3002 877 3062 Stanleius
910 3002 1230 3082 suspicatur
1269 3022 1401 3062 eum
1439 3003 1520 3060 le·

412 3084 561 3162 gisae
589 3085 757 3151 ζωόν.

492 3165 632 3220 533.
672 3164 810 3240 ὑμῖν
848 3160 998 3219 Rob.
1040 3165 1181 3236 ἡμᾶς
1211 3161 1372 3221 Med.
1400 3163 1514 3240 χρὴ

411 3244 487 3300 ’πὶ
514 3242 576 3301 δὲ
601 3248 714 3301 τοῖς
741 3239 878 3299 AJd.
920 3248 1035 3299 τοῖς
1062 3240 1124 3299 δὲ
1151 3242 1301 3300 Rob.

493 3324 628 3380 534.
673 3327 889 3379 πιστοῖς
917 3325 987 3378 τὰ
1012 3346 1074 3377 π.
1118 3320 1256 3378 Ald.
1294 3319 1369 3378 G.
1426 3343 1514 3377 πι-

414 3410 565 3461 στοῖς
586 3426 658 3474 γε
675 3400 825 3457 Rob.
845 3399 1027 3456 Tum.
1051 3398 1254 3474 Steph.
1274 3398 1511 3457 Barocc.

410 3487 658 3541 πιστοῖσι
694 3477 770 3534 Α.
818 3477 890 3533 Β.
948 3476 1116 3535 Colb.
1146 3480 1204 3535 2.
1256 3475 1510 3533 Brunck.

414 3563 654 3622 Porsen.
712 3553 945 3612 Schutz.
1017 3552 1363 3632 Legendum·
1394 3571 1514 3610 sus-

408 3642 586 3720 picor,
616 3639 833 3694 Πιστῶς
861 3638 930 3691 τὰ
967 3636 1159 3692 πιστά.
1244 3630 1393 3691 Dein
1418 3637 1514 3710 φέ-

405 3743 528 3800 ρειν
554 3716 923 3794 βουλεύματα
949 3712 1087 3772 Ald.

490 3801 627 3857 535.
670 3794 716 3853 δ’
740 3793 855 3867 (ἱέρ’
883 3796 1021 3873 ἐμοῦ
1037 3792 1176 3851 Ald-

489 3878 627 3936 536.
670 3879 1023 3951 παρηγορῆτε
1050 3876 1139 3931 καὶ
1166 3872 1515 3949 προπέμπητ’

407 3956 545 4017 Ald.
576 3955 728 4013 Rob.

488 4038 627 4100 537.
670 4038 714 4091 κ’
742 4034 822 4091 ἔτι
849 4029 987 4091 ΑΜ.
1029 4026 1073 4089 δ’
1115 4033 1198 4087 ἔτι
1225 4029 1375 4087 Rob.
1400 4028 1510 4085 Ba·

407 4134 555 4176 roec-
639 4118 733 4172 καί
786 4136 838 4170 τι
886 4108 1242 4168 recentiores.
1316 4113 1511 4185 μηκέτι

409 4192 570 4253 Med.
601 4192 770 4252 Colb.
800 4194 853 4249 l.
876 4190 947 4246 L.
967 4187 1163 4265 Mosq.
1188 4186 1381 4245 Viteb.
1420 4188 1511 4245 καὶ

408 4279 538 4352 μήτι
555 4272 645 4331 Μ.
672 4276 725 4329 l.
744 4269 911 4329 Colb.
938 4266 1139 4325 2.Mos
1183 4309 1198 4323 .
1233 4269 1511 4344 πρόσθητε

409 4353 547 4413 AJd.
578 4351 728 4410 Rob.
760 4348 935 4407 MSS.
965 4365 1121 4404 nonn
1183 4344 1243 4404 li.

491 4432 627 4491 538.
672 4430 780 4506 μὲν
828 4448 899 4487 ex
944 4425 1269 4504 conjectura
1331 4424 1511 4483 Schu-

410 4512 575 4571 tzius.
593 4509 839 4569 Versum
858 4505 1047 4565 Aldus
1072 4511 1130 4562 et
1147 4503 1511 4563 Robortellus

1615 2607 1699 2666 ita
1737 2606 2025 2676 exhibent,
2091 2604 2137 2666 ὦ
2181 2591 2290 2667 zei?
2324 2608 2575 2685 βασιλεῦ
2618 2616 2718 2670 νῦν

1618 2693 1871 2764 Περσῶν,
1926 2686 2038 2745 nisi
2087 2688 2242 2765 quod
2282 2687 2468 2748 Aldus
2507 2687 2553 2748 ὦ
2605 2694 2716 2757 ζεῦ.

1618 2765 1844 2825 Primus
1872 2765 2030 2823 dedit
2058 2766 2380 2835 Turnebus,
2411 2769 2529 2826 sine
2569 2770 2719 2827 codi-

1618 2864 1748 2902 cum
1778 2844 2133 2913 auctoritate,
2169 2849 2347 2914 Ἀλλ’,
2385 2845 2428 2903 ὦ
2468 2853 2574 2906 Ζεῦ
2609 2848 2720 2920 βα-

1620 2929 1802 2991 σιλεῦ,
1856 2928 1958 2981 νῦν
2010 2928 2260 2995 Περσῶν,
2291 2925 2446 3002 quod
2471 2927 2719 3004 amplexi

1616 3010 1753 3060 sunt
1805 3001 2048 3061 editores
2079 3002 2437 3062 recentiores,
2525 3006 2720 3084 Atque

1614 3081 1698 3139 ita
1724 3081 1954 3161 quidem
1989 3080 2190 3159 incipit
2217 3092 2466 3159 systema
2491 3104 2719 3161 anapae-

1616 3160 1823 3218 sticum
1854 3160 2120 3237 Choeph.
2158 3163 2297 3220 304.
2339 3166 2522 3232 Ἀλλ’,
2550 3161 2596 3221 ὦ
2618 3189 2716 3243 με·

1614 3242 1798 3313 γάλαι
1815 3246 2048 3314 Μοῖραι,
2069 3242 2555 3319 Διόθεν-Ειπὶρ.
2579 3242 2715 3321 Iph.

1613 3320 1686 3377 T.
1717 3322 1888 3378 1492.
1928 3319 2110 3385 Ἀλλ’,
2153 3314 2198 3376 ὦ
2241 3327 2419 3397 σεμνὴ
2466 3325 2618 3396 παρά
2673 3322 2719 3381 τ’

1612 3399 1913 3455 ἀθανάτοις
1950 3401 2059 3454 Καὶ
2090 3401 2246 3471 παρὰ
2277 3403 2518 3467 θνητοῖς.
2603 3400 2717 3457 Sed

1612 3495 1650 3533 a
1701 3474 1872 3533 simili
1930 3474 2056 3531 loco
2103 3474 2309 3551 Agam.
2355 3478 2493 3533 356.
2556 3477 2716 3535 abest

1611 3556 1792 3623 ἀλλά,
1844 3551 2044 3629 incipit
2087 3552 2257 3622 enim,
2289 3549 2371 3611 Ὠ
2404 3561 2510 3613 Ζεῦ
2546 3554 2715 3629 βασι-

1613 3638 1736 3702 λεῦ,
1767 3635 1859 3690 καὶ
1902 3630 1998 3697 νῦξ
2023 3637 2208 3709 φιλία.
2291 3632 2559 3693 Ceterum
2585 3654 2715 3713 par-

1611 3712 1805 3772 ticulae
1830 3712 1940 3790 μὲν
1970 3710 2276 3788 respondet
2303 3712 2364 3771 δὲ
2388 3713 2448 3771 in
2476 3716 2616 3773 543.

1692 3794 1832 3851 540.
1871 3796 2092 3851 ὤλεσας
2118 3811 2175 3849 V.
2213 3795 2263 3849 l.
2292 3792 2354 3851 in
2382 3793 2471 3851 M.
2511 3798 2563 3852 l.

1695 3874 1832 3930 541.
1893 3870 2263 3947 Ἐκβατάνων
2307 3871 2440 3931 edd.
2484 3880 2599 3931 vet.
2655 3880 2713 3931 et

1612 3949 1851 4009 Person.
1931 3950 2309 4025 Ἑγβατᾶνων
2336 3950 2498 4010 Med.
2575 3956 2712 4027 ’Ay-

1607 4028 1880 4103 βατάνων
1907 4030 2162 4088 Brunek.
2246 4029 2380 4087 vid.
2410 4049 2584 4107 supra
2616 4032 2708 4089 16.

1609 4108 1710 4187 qui
1733 4107 1888 4167 idem
1915 4109 2031 4167 fere
2058 4108 2388 4167 versiculus.

1689 4190 1826 4246 542.
1872 4194 2125 4267 στυγερῷ
2141 4187 2276 4245 Ald.
2300 4186 2482 4244 Turn.
2507 4186 2710 4265 steph.

1608 4267 1844 4326 Barocc.
1874 4268 1946 4324 Β.
1993 4269 2248 4344 γνοφερῷ
2273 4264 2442 4323 Colb.
2477 4269 2528 4323 l.

1692 4347 1828 4403 543.
1872 4350 2112 4404 ἀταλαῖς
2135 4345 2284 4402 Rob.
2315 4342 2543 4402 canter.
2565 4344 2710 4404 ἀπα-

1610 4430 1739 4481 λαῖς
1792 4423 1984 4489 ceteri.
2099 4421 2316 4481 Eadem
2357 4422 2599 4484 varietas
2650 4427 2710 4486 in

1612 4503 1851 4562 Homer.
1872 4502 2113 4563 Iliadx.
2127 4505 2262 4561 222.
2292 4501 2426 4560 vid.
2437 4502 2708 4583 Append.
