3282 5193
1437 410 1845 484 ΠΕΡΣΑῙ.
2692 412 2793 484 51

774 618 1137 713 δέσποτα,
1199 613 1606 713 δεσπότου,
1670 615 1908 721 φάνη-

772 749 872 823 θι.
995 745 1281 846 Στυγία
1335 741 1482 846 γάρ
1541 777 1652 826 τις
1709 743 1819 823 ἐπ’
1862 746 1943 822 ἀ-

765 868 958 975 χλὺς
1015 869 1456 951 πεπόταται.
1576 872 1865 951 νεολαί-

1110 1035 1158 1077 α
1215 998 1361 1102 γὰρ
1420 993 1504 1098 ἥ-

2635 1007 2791 1084 675

884 1129 979 1224 δη
1041 1125 1228 1204 κατὰ
1283 1135 1422 1227 γᾶς
1481 1123 1759 1205 ὄλωλε.

883 1250 1133 1346 βάσκε
1190 1261 1471 1356 περῶν,
1533 1248 1760 1332 ἄκακε

997 1379 1291 1484 Δαρεῖ’,
1337 1387 1554 1460 ἰαυοῖ.

993 1509 1096 1602 αξ
1157 1509 1261 1603 αἱ
1323 1509 1426 1602 αἱ
1488 1509 1593 1604 αξ

2104 1505 2406 1614 ἐπῳδός.

772 1629 830 1711 ὦ
889 1633 1372 1716 πολύκλαυτε
1429 1639 1745 1744 φίλοισι
1803 1638 2073 1717 θανών·
2640 1649 2797 1714 680

887 1764 965 1841 τί
1017 1761 1222 1860 τάδε,
1285 1762 1588 1862 δυνατά,
1653 1762 1962 1858 δυνατά,

885 1894 1060 1993 περὶ
1118 1900 1210 1998 τᾷ
1273 1897 1380 1998 σᾷ
1441 1894 1717 1990 δίδυμα

881 2021 938 2122 †
975 2016 1305 2120 διάγοιεν
1364 2019 1711 2121 ἁμάρτια.

887 2142 1105 2251 πάσᾳ
1160 2151 1264 2252 γᾷ
1322 2151 1426 2252 σᾷ
1486 2150 1667 2252 τᾷδε
1696 2175 1717 2236 ;

491 2377 827 2456 Composita
871 2397 940 2436 ex
981 2381 1134 2440 κότος
1187 2380 1414 2438 amabat
1467 2380 1595 2438 AEs·

491 2458 713 2536 chylus.
757 2460 911 2535 ἄχθη
941 2459 1188 2538 Guelph.
1218 2459 1307 2516 M.
1340 2464 1390 2517 l.
1417 2462 1473 2518 2.

574 2539 708 2601 672.
755 2539 1020 2619 Besa-&pt
1045 2539 1120 2599 G.
1204 2539 1404 2599 Minus
1444 2548 1595 2596 recte

491 2617 777 2677 Stanleius
802 2619 1210 2697 interpretatur
1223 2622 1466 2677 Domine
1480 2621 1595 2677 Do-

491 2700 647 2765 mini,
680 2698 832 2773 quod
862 2698 1163 2757 Schutzius
1189 2699 1340 2757 idem
1370 2718 1489 2756 esse
1515 2698 1595 2756 ait

491 2795 558 2832 ac
573 2784 756 2850 pater
783 2780 1015 2835 domini.
1099 2778 1325 2853 Nempe
1369 2777 1432 2835 in
1475 2777 1592 2835 edi-

493 2854 746 2912 tionibus
805 2855 900 2913 hic
958 2875 1151 2915 versus
1196 2875 1373 2933 prava
1422 2856 1596 2913 inter-

490 2933 802 3011 punctione
821 2934 1062 2993 laborat.
1103 2934 1469 2994 Constructio
1490 2941 1592 3003 est,

495 3020 776 3080 Δέσποτα,
805 3017 1030 3091 φάνηθι,
1057 3014 1205 3073 ὅπως
1233 3016 1596 3097 κλύῃς-ἄχη

491 3092 781 3152 δεσπότου.
833 3095 965 3153 Hoc
985 3115 1118 3153 vero
1145 3094 1404 3172 ineptum
1431 3101 1597 3152 vocat

491 3172 864 3239 WellaueruS,
922 3174 1022 3251 qui
1079 3181 1372 3251 comparat
1425 3174 1596 3231 πιστοὶ

491 3258 707 3311 πιστῶν
747 3273 803 3311 v.
863 3253 998 3317 687.
1064 3274 1194 3331 quae
1249 3253 1596 3311 constructio

492 3333 659 3411 plane
687 3332 906 3390 diversa
933 3340 1038 3390 est.

575 3413 708 3473 673.
757 3416 956 3483 Στυρία
1007 3410 1154 3468 Βοὴ.
1213 3408 1470 3487 ἐπαχλῦς
1519 3415 1598 3467 τὶς

493 3491 629 3550 Ald.
661 3490 908 3567 ἐταχλύς
937 3493 1008 3548 τὶς
1041 3488 1192 3545 Rob.
1221 3507 1406 3545 errore
1433 3496 1598 3565 typo-

493 3568 786 3647 graphico.
833 3568 918 3626 ἐπ’
945 3569 1131 3645 ἀχλύς
1177 3592 1259 3625 τις
1293 3567 1472 3624 Turn.
1521 3589 1599 3625 τις

496 3649 583 3707 ἐπ’
610 3650 794 3726 ἀχλύε
823 3647 1023 3726 Steph.
1055 3646 1410 3705 recentiores.

579 3729 713 3790 676.
785 3727 923 3785 κατὰ
980 3730 1086 3801 γῆς
1142 3725 1333 3783 Guelf.
1401 3725 1490 3782 M.
1539 3728 1595 3783 2.

495 3806 636 3868 κατεῖ
664 3810 796 3864 πᾶσ’
822 3806 1025 3885 reliqui
1053 3824 1266 3873 omneS,
1297 3804 1452 3883 quod
1479 3812 1599 3863 tam

495 3889 594 3947 diu
622 3888 927 3946 toleratum
967 3886 1142 3945 fuisse
1183 3884 1376 3953 miror,
1420 3904 1598 3961 quum

493 3968 718 4026 nullum
787 3966 862 4024 sit
927 3966 1163 4024 verbum
1227 3968 1597 4039 κατόλλυμαι.

494 4048 628 4106 Vid.
649 4064 822 4122 supra
843 4047 980 4103 633.
1003 4048 1272 4103 ἀπόλωλε
1287 4043 1424 4101 Ald.
1448 4044 1596 4101 Rob.

493 4127 676 4185 Turn.
709 4124 912 4201 Steph.

577 4208 712 4273 677,
744 4206 801 4263 8.
845 4203 1142 4262 Editiones
1170 4209 1228 4260 et
1249 4201 1424 4259 MSS.
1448 4209 1514 4258 ut
1540 4200 1602 4258 in

493 4306 586 4343 vv.
619 4286 755 4344 669.
790 4284 926 4345 670.
969 4281 1079 4341 nisi
1120 4281 1274 4359 quod
1303 4279 1599 4339 Robortel-

495 4363 585 4423 lus
615 4370 824 4439 Δαρεῖε
851 4363 922 4419 οἶ.

578 4444 713 4506 679.
758 4444 820 4501 αἲ
847 4448 936 4499 ter
961 4439 1096 4498 Ald.
1129 4438 1278 4497 Rob.
1311 4439 1546 4497 Barocc.

579 4523 686 4579 681
701 4566 714 4579 .
759 4522 1006 4581 δυνάστα
1025 4520 1274 4579 δυνάστα
1294 4518 1429 4577 Ald.
1451 4517 1598 4575 Rob.

1697 2379 1877 2437 Turn.
1910 2379 1981 2436 B.
2014 2379 2079 2436 F.
2113 2378 2186 2435 G.
2220 2378 2385 2437 Colb.
2413 2382 2463 2436 1.
2493 2383 2547 2437 2.
2588 2377 2800 2438 δυνάτα

1698 2457 1907 2518 δυνάτα
1965 2457 2166 2534 Steph.
2278 2457 2489 2517 δυνάτα
2549 2457 2800 2518 δυνάστα

1696 2538 1889 2596 Viteb.

1779 2618 1917 2676 682.
1938 2676 1943 2679 ,
1959 2617 2143 2675 Voces
2160 2621 2229 2694 τᾷ
2252 2623 2326 2695 σᾷ
2341 2617 2546 2676 desunt
2565 2617 2627 2676 in
2648 2618 2799 2677 Βοὴ.

1780 2699 1913 2755 683.
1961 2696 2202 2756 διάνοιεν
2231 2698 2367 2755 Ald.
2408 2697 2589 2755 Turn.
2647 2698 2800 2758 διάν-

1700 2801 1859 2851 γοιεν
1897 2776 2047 2834 Rob.
2080 2775 2335 2851 διάγοιεν
2364 2777 2599 2835 Barocc.
2632 2777 2796 2836 Colb.

1705 2860 1755 2913 l.
1820 2855 2019 2932 Steph.
2080 2856 2123 2913 δ’
2177 2863 2307 2914 ante
2360 2855 2609 2933 α’μάρτια
2661 2855 2801 2915 Ald.

1698 2935 1933 2992 Barocc.
1966 2933 2055 2991 M.
2095 2938 2145 2991 l.
2180 2940 2237 2994 2.
2278 2934 2471 2993 Guelf.
2530 2934 2802 3012 ἁμάρτιον

1694 3032 1892 3073 vocem
1950 3012 2185 3072 Graecos
2255 3013 2545 3091 ignorasse
2601 3014 2802 3073 statuit

1696 3092 1954 3151 Brunck.
2038 3093 2245 3151 Exstat
2281 3100 2475 3152 tamen
2500 3093 2563 3151 in
2589 3093 2798 3172 Agam.

1697 3175 1834 3233 539.
1897 3178 2095 3231 Διπλᾶ
2142 3173 2188 3231 δ’
2242 3178 2436 3232 ἔτισαν
2493 3175 2801 3251 Πριαμίδαι

1696 3250 1997 3328 θάμάρτια.
2042 3252 2415 3331 ἁμαρτήματα
2447 3272 2553 3331 pro
2593 3274 2649 3311 V.
2688 3258 2739 3311 l.
2770 3273 2805 3311 a

1698 3330 2015 3389 Scholiasta
2035 3340 2405 3390 memoratur.

1780 3411 1915 3467 684.
1962 3414 2038 3486 σᾷ
2064 3410 2341 3467 omittunt
2366 3409 2502 3467 Ald.
2534 3408 2695 3467 Med.
2717 3410 2801 3467 Η.

1698 3486 1768 3543 L.
1801 3487 1875 3544 G.
1908 3486 1987 3543 N.
2034 3487 2197 3544 Colb.
2236 3492 2288 3544 l.
2323 3490 2376 3544 2.
2410 3487 2498 3544 M.
2534 3490 2589 3543 2.
2646 3494 2805 3547 πᾶσα

1699 3569 1783 3640 γὰἶ
1820 3565 1953 3623 τᾶδε
1991 3565 2142 3623 Rob.
2225 3565 2437 3624 Totum
2479 3573 2672 3625 autem
2718 3567 2803 3625 lo-

1698 3664 1831 3703 cum
1890 3645 2310 3721 repraesentavi,
2356 3645 2537 3722 qualis
2576 3644 2637 3704 in
2691 3646 2807 3705 edi-

1696 3723 1851 3782 tione
1894 3724 2224 3801 Glasguana
2264 3725 2582 3793 exhibetur,
2634 3746 2804 3802 quem

1698 3804 1747 3861 si
1786 3804 2067 3881 explicare
2108 3823 2293 3871 coner,
2324 3805 2501 3862 risum
2543 3804 2807 3864 doctiori-

1699 3883 1807 3941 bus
1833 3883 2093 3941 movebo.
2180 3882 2445 3942 Infelices
2476 3883 2804 3943 criticorum

1698 3962 2052 4040 conjecturas
2088 3981 2402 4021 memorare
2442 3964 2801 4039 supersedeO,

1698 4061 2015 4119 meamque,
2038 4050 2097 4099 et
2115 4041 2299 4119 ipsam
2326 4042 2473 4099 forte
2499 4041 2800 4111 infelicem,

1698 4120 1758 4177 in
1785 4121 2038 4179 medium
2065 4120 2371 4198 proferam.
2403 4121 2551 4177 Ecce
2571 4126 2799 4179 autem:

1699 4206 1770 4257 Τί
1808 4200 1940 4258 τάδε
1983 4199 2196 4258 δυνατά
2241 4199 2689 4258 δυνατοὶ-παιδὶ
2730 4206 2806 4281 τῷ

1703 4284 1798 4358 σῷ,
1850 4278 2199 4357 διδύμᾳ-δι’
2254 4280 2459 4336 ἄνοιαν
2512 4280 2801 4357 ἁμαρτίας

1701 4363 1965 4416 -πᾶσαι
2010 4362 2091 4433 γᾷ
2143 4357 2659 4436 τᾷδ’-ἐξέφθινται
2698 4368 2807 4435 τρί-

1704 4441 2156 4510 σκαλμοι-νᾶες
2216 4440 2389 4497 ἄναες
2452 4439 2648 4498 ἄναες.
2732 4440 2803 4498 In

1702 4538 1757 4576 V.
1792 4519 1927 4575 681.
1972 4517 2182 4577 δυνάτα
2214 4538 2339 4596 ‚pro
2373 4519 2627 4659 {vagia-ra
2669 4520 2807 4598 poni
