3282 5193
1331 417 1402 493 [1
1411 417 1712 496 ΕΡΣΑΙ
1726 474 1743 492 .

2588 407 2692 483 47

956 623 1343 724 φθιμένων
1400 619 1746 722 πομποὺς

845 750 1219 859 εὔφρονας
1282 746 1467 830 εἶναι
1528 748 1719 830 κατὰ
1779 751 2019 852 γαίας.

734 882 907 961 ἀλλ’
950 875 1008 958 ὦ
1068 875 1365 985 χθόνιοι
1429 878 1774 976 δαίμονες
1835 877 2083 978 ἁγνοί,

734 1013 845 1106 Γῆ
910 1042 990 1088 τε
1051 1009 1172 1086 καὶ
1230 1007 1501 1108 Ἑρμῆ,
1561 1011 1898 1099 βασιλεῦ
1959 1003 2019 1084 τ’
2064 1001 2363 1107 ἐνέρων,

2539 1014 2693 1078 635

731 1134 1064 1240 πέμψατ’
1109 1128 1369 1237 ἔνερθε
1428 1128 1695 1238 ψυχὴν
1755 1137 1855 1215 εἷς
1916 1137 2097 1238 φῶς·

735 1269 798 1341 εἰ
862 1259 1011 1363 γάρ
1073 1294 1148 1338 τι
1212 1262 1461 1338 κακῶν
1519 1253 1711 1364 ἄχος
1763 1254 1919 1337 οἶδε
1980 1256 2251 1348 πλέον,

844 1386 1073 1489 μόνος
1135 1383 1227 1466 ἂν
1290 1389 1582 1485 θνητῶν
1646 1384 1881 1487 πέρας
1947 1384 2169 1463 εἴποι.

400 1516 448 1622 ἦ
489 1519 553 1626 ῥ’
596 1517 738 1598 ἀΐει
781 1551 928 1617 μου
972 1514 1382 1616 μακαρίτας
1434 1513 1849 1612 ἰσοδαίμων
1899 1504 2273 1605 βασιλεὺς
2388 1536 2561 1607 στρ.
2608 1498 2700 1582 α’.

1071 1639 1434 1743 βάρβαρα
1493 1644 1808 1745 σαφηνῆ

2543 1644 2702 1710 640

966 1768 1203 1859 ἱέντος
1239 1764 1360 1856 ’τὰ
1411 1767 1761 1847 παναίολ’
1803 1771 1943 1869 αὲ,-·Ἰ

488 1996 624 2053 633.
690 1999 869 2066 γαῖαν
921 1988 1057 2047 Ald.
1116 1987 1266 2045 Rob.
1322 1986 1504 2044 Turn.

408 2077 644 2134 Baroec.
663 2071 739 2129 A.
759 2071 832 2128 B.
877 2067 1042 2128 colb.
1071 2070 1122 2124 1.
1147 2069 1205 2124 2.
1248 2064 1506 2123 Brunck.

409 2153 526 2222 Qui
550 2151 770 2229 primus
797 2147 974 2207 edidit
1001 2151 1187 2222 γαίας,
1219 2141 1512 2220 sequentia

295 2233 312 2252 '
407 2228 700 2292 adnotavit
728 2227 1080 2305 Stephanum
1115 2222 1299 2282 “near-d
1329 2228 1510 2296 γαῖαν

412 2319 470 2372 et
497 2313 592 2370 ἐπὶ
633 2314 825 2384 γαίας,
851 2312 1026 2384 utque
1053 2302 1224 2363 etiam
1253 2305 1344 2364 ἐπὶ
1380 2307 1513 2382 χθο-

415 2393 506 2451 νὸς
521 2395 802 2466 usurpant
817 2393 1006 2463 poetae
1024 2401 1128 2461 pro
1145 2385 1208 2441 in
1226 2387 1405 2449 terra,
1424 2380 1515 2440 vel

411 2490 584 2546 super
627 2474 843 2526 terram
865 2489 884 2521 .·
927 2470 988 2522 at
1014 2481 1194 2540 quum
1219 2461 1324 2518 sub
1354 2467 1513 2519 terra

413 2548 732 2629 significare
745 2544 962 2611 volunt,
975 2540 1175 2601 dicunt
1191 2538 1302 2599 ὑπὸ
1323 2546 1511 2620 γαίας,

412 2629 503 2688 vel
537 2627 645 2687 ὑπὸ
689 2631 847 2701 γαίᾳ,
877 2621 968 2680 vel
1004 2621 1112 2679 ὑπὸ
1156 2629 1370 2696 γαῖαν;
1413 2626 1515 2678 aut

457 2727 518 2766 er
545 2706 703 2774 κατά,
725 2704 825 2763 sed
844 2707 1071 2759 tantum
1093 2720 1226 2758 eum
1241 2698 1513 2778 genitivo.

413 2729 509 2845 I§ic
529 2781 738 2844 alicubi
751 2782 813 2841 in
827 2781 937 2839 hac
951 2777 1232 2857 tragoedia
1251 2778 1331 2855 (v.
1346 2776 1512 2853 695.)

416 2867 468 2924 οἱ
497 2864 636 2924 nard
665 2861 869 2942 χθονός
896 2864 1034 2919 θεοί.
1091 2856 1355 2933 Cheoph.
1374 2859 1516 2919 473.

419 2950 580 3005 Θεῶν
607 2942 746 3003 κατὰ
783 2944 891 3016 γᾶς
927 2937 1007 2997 ὅδ’
1047 2934 1235 3015 ὕμνος.
1322 2933 1516 2993 Schol.

418 3033 529 3085 τοῖς
577 3022 716 3084 κατὰ
764 3027 878 3097 γῆν
932 3023 1097 3078 θεοῖς.
1183 3013 1519 3093 Legendum

423 3104 562 3165 κατὰ
590 3101 758 3178 γῆς.”
824 3100 974 3159 Hoec
992 3097 1109 3157 ille.
1155 3094 1291 3153 Vid.
1311 3092 1516 3170 Eurip.

423 3184 626 3262 Suppl.
657 3184 828 3239 1024.
866 3181 930 3238 σὲ
957 3178 1056 3237 τόν
1084 3174 1309 3235 θανόντ’
1334 3172 1520 3231 οὔποτ’

423 3267 535 3341 ἐμᾷ
551 3260 841 3339 Προδοῦσα
860 3260 1026 3337 ψυχᾷ
1045 3255 1186 3314 nard
1205 3258 1330 3328 γᾶς.
1389 3252 1517 3310 Ion.

432 3344 603 3402 1456.
635 3342 701 3399 ὃν
723 3338 863 3399 κατὰ
892 3343 1020 3414 γᾶς,
1041 3340 1249 3412 ἐνέρων
1268 3336 1521 3407 Χθονίων

425 3429 568 3503 μέτα
592 3419 948 3497 Φερσεφόνας
977 3416 1039 3483 τ’,
1061 3415 1286 3471 ἐδόκουν
1317 3416 1520 3468 ναίειν.

432 3501 554 3579 (Sic
569 3498 873 3576 legendum
882 3514 989 3573 pro
997 3488 1283 3571 χθόνιον.)
1306 3489 1522 3547 Electr.

434 3582 566 3639 144.
622 3580 712 3633 σοὶ
765 3574 902 3633 κατὰ
958 3576 1064 3646 γᾶς
1121 3573 1304 3629 ἐνέπω
1359 3567 1524 3641 γόους

434 3659 576 3736 (non
603 3652 875 3731 ἐννέπω).
945 3652 1161 3713 Incert.
1185 3647 1363 3707 Rhes.
1385 3649 1523 3704 831.

431 3736 572 3798 καταῖ
589 3760 663 3815 με
684 3744 792 3810 γᾶς
815 3736 1001 3803 ζῶντα
1023 3732 1319 3806 πόρευσον.
1375 3724 1528 3783 Wel-

429 3817 654 3876 lauerus
700 3820 893 3873 autem
946 3808 1226 3870 construit
1279 3803 1530 3884 πομποῦς

434 3896 574 3955 κατά
597 3902 798 3970 γαῖαν.

463 4042 466 4046 ,
519 3977 655 4034 634.
697 3971 889 4047 Vulgo
916 3968 1074 4027 ἀλλὰ
1103 3970 1348 4045 χθόνιοι.
1431 3962 1533 4021 Al-

434 4061 621 4112 terum
635 4072 718 4119 ex
746 4047 988 4140 Seholiis
1013 4044 1258 4135 reposui.
1336 4041 1530 4100 Solen-

441 4292 579 4349 538.
662 4289 1093 4362 Nonnunquam
1139 4287 1332 4339 tamen
1381 4278 1538 4335 deest

441 4364 500 4448 ᾧ,
529 4375 597 4430 ut
621 4368 773 4427 infra
797 4385 853 4422 v.
879 4364 1016 4421 646.

524 4449 660 4506 635.
703 4445 953 4521 βασιλεῦ
980 4466 1040 4500 τε
1071 4441 1343 4515 νερτέρων
1371 4434 1520 4493 Rob.

525 4527 661 4584 636.
710 4527 938 4600 ἔνερθεν
980 4519 1118 4581 Ald.
1165 4516 1314 4576 Rob.
1359 4513 1541 4571 Turn.

1611 1987 1760 2045 Dein
1796 1988 1933 2064 φάος
1968 1983 2100 2043 libri
2134 1981 2431 2060 impressi3
2474 1979 2575 2040 sed
2600 1983 2710 2058 φῶς

1610 2065 1773 2124 Med.
1807 2067 1881 2124 G.
1913 2065 1985 2123 L.
2024 2064 2113 2121 M.
2145 2065 2200 2120 2.
2229 2061 2421 2139 Mosq.
2508 2059 2711 2117 Rarior

1608 2153 1699 2204 est
1739 2143 1997 2224 dactylus
2032 2160 2139 2219 pro
2179 2147 2469 2217 anapaesto
2509 2137 2570 2195 in
2596 2138 2711 2195 fine

1609 2242 1839 2282 versus:
1891 2221 2065 2282 semel
2100 2227 2326 2278 tantum
2368 2215 2614 2278 occurrit
2650 2216 2713 2273 in

1612 2309 1844 2361 centum
1881 2306 2125 2380 quatuor
2156 2297 2255 2376 qui
2288 2298 2347 2354 in
2383 2297 2493 2354 hac
2517 2293 2714 2353 fabula

1613 2380 1843 2440 dimetri
1877 2377 2207 2456 anapaestici
2242 2383 2393 2443 sunt,
2424 2391 2629 2449 nempe
2652 2393 2709 2431 v.

1615 2463 1714 2520 50.
1744 2459 1950 2538 Agam.
1979 2460 2110 2514 112.
2132 2457 2268 2514 802.
2295 2457 2431 2512 804.
2466 2452 2711 2509 Eumen.

1616 2543 1755 2601 319.
1782 2541 1917 2603 947.
1941 2540 2079 2599 991.
2099 2534 2303 2613 Suppl.
2323 2534 2380 2590 6.
2404 2536 2459 2593 9.
2479 2535 2579 2590 34.
2640 2530 2715 2587 In

1615 2618 1833 2678 Ixionis
1867 2618 2189 2695 fragmento
2230 2633 2325 2693 ap.
2353 2612 2573 2671 Athen.
2603 2610 2712 2669 IV.

1614 2719 1677 2777 p.
1715 2701 1846 2758 182.
1880 2697 1950 2757 C.
1992 2696 2107 2755 Τὸν
2145 2694 2187 2753 δ’
2216 2696 2456 2771 ἡμίοπον
2492 2694 2581 2749 καὶ
2615 2688 2715 2749 τὸν

1617 2779 1913 2836 ἐλάσσονα
1948 2782 2183 2855 Ταχέως
2218 2776 2248 2831 ὀ
2280 2780 2463 2849 μέγας
2491 2774 2717 2830 καταπί-

1622 2882 1725 2926 νει,
1755 2857 2043 2914 Porsonus
2070 2854 2323 2931 reposuit
2350 2852 2597 2910 ἐλάσσω.

1702 2953 1839 3015 637.
1885 2975 1947 3010 τε
1983 2969 2088 3027 pro
2125 2974 2177 3007 τι
2214 2948 2364 3007 Rob.
2418 2946 2549 3005 ἄκος
2584 2942 2715 3001 edd.

1618 3038 1735 3090 vet.
1792 3029 1947 3109 quod
1996 3028 2057 3086 in
2105 3028 2246 3107 ἄχος
2290 3026 2421 3106 jure
2472 3022 2717 3083 mutavit

1620 3109 1905 3170 Pauwius.
1988 3107 2067 3165 Et
2084 3108 2165 3167 sic
2178 3106 2481 3165 manifesto
2494 3102 2719 3182 legebat

1622 3188 1973 3256 Scholiasta3
2018 3187 2116 3246 sed
2157 3186 2389 3245 omnino
2430 3184 2565 3242 ferri
2602 3200 2719 3240 non

1618 3287 1787 3346 posse
1813 3268 1894 3325 ait
1918 3264 2310 3343 Wellauerusz
2363 3270 2401 3296 “
2417 3283 2535 3321 non
2570 3260 2720 3320 enim

1622 3354 1923 3424 propterea
1962 3344 2200 3401 Darium
2236 3348 2420 3409 vocat,
2449 3348 2517 3398 ut
2554 3340 2724 3417 plura

1622 3426 1795 3483 etiam
1823 3423 1973 3481 mala
1998 3429 2236 3489 enarret,
2268 3419 2366 3478 sed
2400 3426 2469 3475 ut
2505 3435 2720 3482 eorum,

1663 3522 1755 3559 uae
1784 3500 2022 3567 wisunt,
2052 3498 2365 3555 remedium
2404 3492 2719 3553 inveniat.”

1627 3580 1743 3718 3δέ
1766 3579 1881 3637 vid.
1913 3596 2045 3657 quae
2083 3583 2275 3635 narrat
2316 3574 2525 3634 Darius
2566 3572 2641 3631 ad
2665 3591 2723 3630 v.

1711 3756 1845 3813 638.
1895 3758 2129 3830 πέρσαις
2144 3752 2283 3811 Ald.
2304 3747 2470 3811 colb.
2492 3752 2549 3807 2.
2592 3748 2726 3827 εἴπῃ

1627 3833 1766 3893 Ald.
1795 3833 1977 3891 Turn.

1714 3931 1850 3989 639.
1902 3930 2018 3987 ἀΐει
2062 3926 2125 3984 in
2169 3926 2283 3984 hoc
2320 3924 2445 3983 loco
2527 3921 2729 3981 rimam

1633 4007 1883 4086 corripit,
1914 4014 1972 4065 et
1998 4006 2059 4063 in
2079 4005 2287 4083 Agam.
2313 4007 2409 4093 55..
2502 3998 2729 4136 ‹ffhoch

2398 4101 2457 4156 p.
2568 4077 2731 4135 eeub.

1638 4266 1867 4383 Hgmb.
1894 4324 2026 4384 174.
2075 4314 2374 4392 Aristoph.
2404 4312 2573 4389 Vesp.
2599 4310 2734 4371 516.

1644 4428 1866 4565 00614θὶ
1897 4420 2169 4499 βάρβαροί
2210 4443 2272 4478 τε
2300 4418 2450 4477 Rob.
2491 4418 2742 4496 σαφηνὴς
