3282 5193
1068 901 1947 1080 PRAEbATIO.

357 1583 968 1692 PRODEUNT
1032 1618 1347 1693 tandem
1405 1620 1679 1707 Persae,
1752 1616 1989 1692 serius
2049 1614 2358 1714 quidem
2416 1633 2651 1710 quam

351 1741 736 1840 pollicitus
781 1765 1034 1830 eram3
1091 1743 1220 1817 sed
1267 1743 1678 1842 quominus
1726 1741 2118 1842 promissis
2165 1742 2468 1826 starem,
2522 1734 2649 1811 ob-

351 1869 719 1943 stiterunt
753 1893 1061 1959 caussae,
1107 1895 1295 1968 quas
1335 1870 1639 1946 lectoris
1680 1869 1878 1943 nihil
1915 1869 2232 1943 interest
2265 1869 2356 1940 ut
2388 1865 2474 1938 in
2504 1863 2651 1936 hoc

352 1993 518 2067 loco
569 1993 912 2068 referam.
1019 1995 1410 2069 Prodeunt
1461 1997 1746 2083 autem,
1795 1993 1861 2068 si
1909 2016 2068 2066 non
2109 1987 2512 2075 emendati,
2566 1986 2647 2059 at

351 2121 555 2193 certe
600 2117 1147 2193 emendatiores
1200 2143 1433 2216 quam
1481 2119 1565 2191 in
1608 2118 1989 2218 prioribus
2040 2114 2523 2200 editionibus,
2572 2113 2651 2184 et

354 2241 746 2314 nonnullis
778 2240 864 2313 in
894 2241 1081 2315 locis
1113 2266 1312 2318 nova
1343 2243 1514 2318 luce
1548 2241 1840 2317 suffusi.
1991 2255 1997 2262 ’

457 2365 828 2439 Subsidiis
894 2390 1096 2454 vero,
1169 2367 1446 2466 quibus
1518 2369 1604 2441 in
1671 2368 2125 2442 Prometheo
2200 2368 2279 2439 et
2348 2362 2653 2460 Septem

353 2489 621 2564 contra
664 2486 957 2561 Thebas
1003 2489 1460 2564 adornandis
1511 2515 1700 2566 usus
1754 2515 1987 2579 eram,
2044 2487 2243 2562 nihil
2299 2486 2399 2561 ad
2453 2486 2653 2560 hanc
2728 2585 2735 2596 ι

352 2613 694 2688 fabulam
752 2614 1176 2711 adjumenti
1245 2616 1581 2705 accessit,
1652 2619 1929 2715 praeter
1986 2614 2234 2691 varias
2293 2609 2655 2688 lectiones

350 2736 628 2817 codicis
664 2738 1080 2835 cujusdam,
1121 2765 1294 2838 quc,
1338 2742 1540 2817 inter
1575 2740 1763 2815 alios
1796 2740 2031 2814 libros
2062 2736 2647 2835 manuscriptos,

351 2859 878 2935 munificentia
931 2862 1316 2952 Praesulis,
1380 2864 1516 2963 qui
1572 2863 1798 2938 hodie
1850 2863 2102 2937 sedem
2152 2859 2653 2937 Cantuarien-

351 3009 516 3060 sem
552 2986 789 3073 tenet,
835 2984 1381 3085 bibliothecam
1420 2988 2029 3062 Lambethanam
2077 2987 2286 3061 haud
2333 2986 2447 3059 ita
2495 2983 2647 3083 pri-

353 3110 528 3185 dem
562 3108 855 3185 ditavit.
939 3112 1086 3189 Sed
1116 3112 1370 3188 nescio
1405 3137 1506 3187 an
1537 3136 1713 3188 vere
1739 3111 2061 3186 dixerim
2090 3111 2379 3185 librum
2410 3108 2653 3184 istum

351 3257 401 3306 a
431 3255 556 3305 me
595 3233 957 3308 collatum
1003 3236 1260 3311 fuisse.
1365 3238 1471 3311 Et
1516 3236 1726 3311 enim
1768 3238 2021 3334 quum'
2049 3235 2338 3311 occasio
2372 3233 2650 3310 codicis

350 3357 746 3433 evolvendi
793 3356 1216 3458 insperanti
1267 3359 1462 3433 mihi
1517 3360 1773 3433 oblata
1830 3361 2051 3447 esset,
2115 3382 2415 3433 summa
2473 3382 2653 3433 cum

351 3480 860 3570 festinatione,
912 3482 1074 3556 sine
1120 3483 1474 3581 AEschylo
1507 3483 1897 3581 impresSO,
1942 3485 2019 3556 et
2060 3481 2447 3556 memoriae
2480 3484 2649 3554 tan-

349 3610 524 3682 tum
561 3606 827 3694 fidenS,
875 3606 1184 3705 perlegi.
1289 3608 1433 3681 Est
1478 3609 1739 3681 autem
1782 3606 1973 3680 liber
2016 3605 2163 3681 iste
2206 3606 2651 3681 chartaceus

349 3731 536 3806 satis
593 3730 816 3805 bonae
873 3734 1100 3820 notae,
1161 3730 1556 3830 scriptura,
1608 3734 1701 3805 ut
1749 3731 2076 3819 videtur,
2132 3731 2393 3805 saeculi
2440 3728 2644 3818 x1vfi,

347 3856 594 3930 nitida
626 3858 704 3929 et
740 3855 1121 3931 distincta.
1228 3856 1553 3930 Utinam
1592 3856 1961 3955 mihLPer
1989 3855 2321 3954 negotia,
2368 3855 2647 3953 quibus

347 3986 536 4056 tunc
584 3981 948 4080 temporis
999 3981 1388 4057 districtus
1432 4006 1667 4071 eram,
1710 3983 1918 4057 hunc
1964 3980 2297 4057 codicem
2341 4001 2646 4056 accura-

345 4106 503 4180 tius
569 4128 940 4203 usurpare
1005 4105 1390 4194 licuisset3
1479 4106 1647 4195 etsi,
1721 4109 1812 4180 ut
1877 4130 2148 4182 verum
2212 4106 2480 4192 fatear,
2550 4126 2647 4176 ex

349 4230 690 4328 AEschyli
737 4229 953 4303 libris
1003 4229 1568 4328 manuscriptis,
1625 4232 1762 4328 qui
1817 4232 2041 4306 hodie
2096 4232 2517 4317 servantur,
2583 4229 2649 4303 si

347 4377 594 4427 unum
650 4356 729 4428 et
788 4354 1118 4428 alterum
1175 4353 1527 4453 excipias,
1596 4354 1730 4429 vix
1799 4355 2216 4453 quidquam
2272 4354 2358 4428 in
2422 4356 2646 4429 textu

351 4477 686 4551 sanando
719 4478 1269 4576 proficiendum
1302 4503 1461 4553 esse
1494 4502 1646 4552 usu
1680 4478 1927 4553 didici.

1427 4626 1474 4675 a
1511 4605 1554 4674 2
