3282 5193
511 402 615 474 64
1391 393 1931 470 ΑΙΣΧΥΛΟΥ

728 599 1228 710 φρονημάτων
1285 598 1624 699 ἔπεστιν,
1687 596 1993 683 εὔθυνος
2047 597 2307 700 βαρύς.

726 727 917 833 πρὸς
975 729 1178 809 ταῦτ’
1219 731 1530 825 ἐκεῖνον,
1592 733 2023 833 σωφρονεῖν
2085 727 2568 832 κεχρημένον,

729 855 1114 937 πινύσκετ’
1158 854 1549 958 εὐλόγοισι
1613 854 2146 956 νουθετήμασι,
2647 869 2800 935 835

727 985 959 1090 λῆξαι
1020 983 1573 1079 θεοβλαβοῦνθ’
1618 979 2017 1091 ὑπερκόπω
2077 980 2370 1086 θράσει.

733 1106 833 1191 σὺ
896 1110 988 1209 δ’,
1049 1145 1108 1190 ω
1168 1110 1432 1215 γεραιὰ
1465 1116 1699 1216 μῆτερ
1761 1111 1806 1211 ἡ
1865 1110 2166 1216 Ξέρξου
2226 1112 2453 1263 φίλη,

733 1239 1038 1318 ἐλθοῦσ’
1082 1240 1154 1321 ἐς
1217 1273 1488 1336 οικους,
1555 1235 1847 1338 κόσμον
1911 1273 2124 1322 οστις
2188 1233 2562 1342 εὐπρεπὴς

729 1365 1089 1463 λαβοῦσᾎ
1158 1367 1559 1470 ὑπαντίαζε
1596 1370 1851 1445 παῖδα·
1941 1365 2189 1445 πάντα
2249 1365 2396 1468 γὰρ

733 1501 979 1574 κακῶν
1043 1493 1163 1572 ὑπ’
1202 1489 1488 1596 ἄλγους
1549 1497 1851 1577 λακίδες
1913 1497 2106 1600 ἀμφὶ
2166 1495 2458 1592 σώματι
2653 1508 2810 1574 840

734 1625 1358 1725 στημοῤῥαγοῦσι
1418 1623 1797 1701 ποικίλων
1860 1620 2332 1721 ἐσθημάτων.

733 1749 906 1829 ἀλλ’
949 1747 1178 1829 αὐτὸν
1242 1747 1620 1855 εὐφρόνως
1681 1745 1782 1828 σὺ
1839 1747 2179 1853 πράῦνον
2217 1744 2502 1850 λόγοις·

731 1874 965 1976 μόνης
1022 1873 1196 1980 γάρ,
1262 1872 1457 1972 οἶδα,
1525 1884 1674 1956 σοῦ
1739 1875 1988 1956 κλύων
2049 1877 2416 1982 ἀνέξεται.

752 2008 771 2033 2
838 2003 859 2030 ἱ
986 2005 1003 2030 ²
1061 1999 1094 2029 ’l
1424 2009 1457 2026 Α
1578 2006 1597 2030 C
1672 2001 1695 2030 Χ
1811 2001 1830 2032 Ι
2123 2001 2146 2028 Ι

736 2040 881 2107 εγω
941 2009 986 2083 δ
1047 2039 1301 2103 απειμι
1360 2039 1498 2106 γης
1562 2039 1707 2083 υπο
1751 2005 1988 2110 ζόφον
2053 2038 2270 2083 κατω.

738 2134 940 2231 ὑμεῖς
981 2133 1091 2227 δέ,
1134 2133 1524 2234 πρέσβεις,
1564 2131 1846 2237 χαίρετ’
1891 2134 1972 2211 ἐν
2011 2139 2294 2227 κακοῖς,
2339 2127 2557 2231 ὅμως·
2655 2148 2806 2211 845

732 2264 952 2367 ψυχῇ
1014 2256 1345 2344 διδόντες
1411 2257 1690 2360 ἡδονὴν
1754 2259 1915 2339 καθ’
1958 2260 2265 2362 ἡμέραν·

734 2391 832 2472 ὡς
891 2395 1046 2472 τοῖς
1110 2395 1429 2468 θανοῦσι
1488 2387 1806 2494 χρήματ’
1850 2386 2068 2467 οὐδὲν
2130 2389 2431 2493 ὠφελεῖ.

594 2621 731 2677 833.
778 2623 996 2677 ἔπεισιν
1012 2617 1382 2677 Valckenaer.
1403 2619 1478 2677 ad
1494 2620 1611 2677 Eu-

516 2696 623 2776 rip.
657 2697 941 2756 Phoeuiss,
980 2702 1109 2757 192.
1141 2698 1294 2777 quod
1322 2705 1615 2776 receptum

516 2785 603 2836 est
630 2797 664 2834 a
691 2776 1002 2835 Brunckio.

597 2859 734 2914 834.
782 2862 1114 2935 κεχρημένοι
1127 2856 1264 2915 Ald.
1278 2856 1614 2915 Rob.Turn.

518 2936 692 2992 MSS.
725 2943 1043 3014 κεκτημένοι
1066 2936 1391 2994 Brunckius
1409 2940 1612 2993 exv.l.

514 3016 573 3073 in
604 3014 676 3070 Β.
708 3015 827 3073 scil.
852 3018 911 3074 τὸ
938 3022 1245 3092 σωφρονεῖν
1275 3022 1613 3091 κεκτημένοι.

518 3092 630 3152 Sed
672 3093 874 3150 melius
918 3093 1053 3150 fecit
1098 3092 1415 3160 Schutzius,
1464 3092 1619 3169 quod

517 3179 863 3249 κεχρημένον
923 3191 993 3229 ex
1049 3171 1289 3229 Scholiis
1345 3171 1615 3247 reposuit.

516 3254 734 3312 Forsan
780 3260 972 3309 tamen
1024 3250 1233 3307 rectius
1282 3250 1619 3307 scriberetur

516 3338 921 3412 κεχρῃσμὲνον.

598 3414 735 3473 836.
761 3414 1097 3489 ὖπερκόμπω
1112 3408 1263 3467 libri.
1294 3407 1427 3466 Vid.
1450 3427 1623 3484 supra

520 3498 735 3635 83837.
784 3596 851 3628 συ
882 3570 924 3628 δ’
954 3595 1024 3627 αυ
1005 3566 1197 3625 'Rob.
1245 3572 1451 3644 γηραιὰ
1481 3564 1617 3624 Ald.

521 3653 737 3789 ΒΟ838.
783 3730 1045 3801 εὐτρεπὴς
1107 3724 1479 3782 Valckenaer.
1550 3722 1623 3780 ad

520 3808 721 3886 Eurip.
771 3805 1054 3863 Phoeniss.
1102 3806 1238 3860 801.
1325 3802 1433 3860 Sed
1478 3802 1623 3859 bene

519 3885 837 3949 observavit
853 3881 1193 3971 Brunckius‚
1217 3881 1415 3939 Persas
1433 3898 1623 3957 regem

521 3989 689 4028 suum
716 3982 1009 4042 nunquam
1032 3960 1143 4019 nisi
1170 3959 1622 4037 splendidissimo

520 4048 681 4108 cultu
706 4046 1049 4105 instructum
1076 4039 1302 4098 vidisse.

604 4131 741 4187 839.
812 4122 965 4181 παιδὶ
1022 4138 1237 4177 omnes,
1321 4117 1497 4176 παῖδα
1553 4136 1624 4174 ex

524 4204 800 4265 Lobeckii
828 4199 1108 4261 sententia
1128 4198 1279 4256 dedi.
1321 4196 1457 4256 Vid.
1476 4194 1626 4253 infra

527 4290 664 4347 839.
749 4285 894 4341 Mox
946 4282 1131 4349 πάντη
1188 4278 1369 4336 Turn.
1454 4279 1626 4335 παντὶ

526 4364 757 4443 conjicit
784 4363 1015 4421 Canter.

608 4446 746 4501 842.
813 4442 1156 4517 εὖφροιοῦσα
1207 4436 1435 4514 conjicit
1484 4437 1626 4493 But-

526 4521 695 4590 lerns,
728 4520 861 4597 quia
895 4539 1023 4576 raro
1056 4517 1208 4595 apud
1236 4516 1505 4593 Tragicos
1538 4536 1628 4575 oc-

1716 2618 1894 2677 currit
1936 2618 1999 2676 in
2044 2618 2156 2676 hoc
2204 2617 2330 2675 loco
2372 2637 2482 2675 vox
2521 2616 2821 2695 trisyllaba

1715 2708 1848 2776 post
1875 2698 2108 2755 alteram
2137 2696 2510 2789 trisyllabarn‚
2541 2697 2629 2754 vel
2659 2697 2820 2774 quasi

1717 2777 2089 2855 trisyllabam‚
2139 2776 2248 2835 nisi
2294 2775 2458 2833 alteri
2506 2776 2816 2863 trisyllabae

1719 2857 2053 2948 subjiciatur
2115 2876 2222 2914 vox
2282 2855 2573 2913 enclitica
2596 2855 2684 2913 vel
2738 2855 2821 2913 di-

1723 2932 1969 2994 stincti0.
2046 2978 2052 2980 >⁷

1800 3017 1936 3071 845.
1981 3009 2224 3087 πρεσβυε
2244 3011 2379 3068 Ald.
2427 3012 2571 3070 De'‘
2538 3036 2680 3087 ομως
2703 3013 2816 3071 vid.

1719 3092 1792 3148 ad
1819 3112 1876 3147 v,
1906 3093 2044 3148 300.

1800 3172 1938 3227 846.
1985 3169 2078 3226 Sic
2105 3168 2284 3225 Turn.
2319 3167 2518 3245 Steph.
2553 3169 2726 3227 MSS.
2761 3170 2822 3228 ni

1719 3248 1902 3317 fallor,
1937 3246 2204 3305 universi.
2289 3248 2483 3324 ψυχὴν
2511 3247 2644 3306 Ald.
2668 3250 2818 3307 Rob.

1719 3327 1872 3389 unde
1917 3327 2180 3385 Pauwius
2225 3325 2466 3403 conjecit
2500 3332 2706 3405 Ψυχὴν
2746 3330 2822 3386 δι-

1725 3407 1821 3466 δοι
1811 3432 1912 3466 res
1956 3407 2141 3488 ἡδονῇ,
2186 3405 2341 3496 quod
2380 3405 2440 3463 in
2481 3414 2702 3465 textum
2738 3408 2822 3465 in-

1722 3486 1856 3545 tulit
1889 3470 2192 3555 Porsonus,
2230 3484 2371 3551 citra
2405 3487 2820 3545 necessitatem.

1728 3567 2046 3625 Scholiasta
2074 3566 2289 3643 legerat
2317 3566 2508 3655 ψυχῇ·
2553 3566 2824 3645 interpre-

1726 3653 1882 3703 tatur
1918 3646 2086 3713 enim,
2123 3644 2258 3702 satis
2295 3626 2523 3719 quidem
2562 3646 2822 3717 absurde,

1724 3731 1898 3806 Ψυχῇ
1936 3724 2177 3783 διδόντες
2221 3721 2440 3792 ηδονὴν,
2481 3730 2680 3795 ἠγοῦν,
2727 3730 2824 3785 θῦ-

1725 3828 1882 3861 οντες
1931 3806 2074 3875 ἐμοί.
2161 3801 2374 3858 Pauwii
2422 3805 2825 3865 correctionem

1724 3881 2080 3959 aliquatenus
2100 3881 2326 3937 firmare
2347 3880 2606 3939 videatur
2623 3884 2825 3963 Eurip.

1727 3960 2010 4019 Phoeniss.
2044 3963 2140 4017 21.
2199 3958 2266 4016 Ο
2295 3958 2339 4017 δ’
2370 3960 2541 4041 ἡδονῇ
2569 3962 2708 4034 dous,
2744 3984 2824 4024 sc.

1727 4042 1950 4099 ἑαυτόν.
2036 4038 2150 4096 Sed
2178 4041 2334 4121 ψυχῇ
2355 4022 2595 4100 διδόντες
2623 4043 2828 4113 ἡδονήν

1726 4121 1970 4198 quadrat
1989 4139 2119 4176 cum
2141 4101 2489 4196 Theognidis
2516 4130 2824 4201 praecepte,

1727 4205 1846 4269 Τὴν
1897 4208 2102 4258 σαυτοῦ
2143 4206 2320 4275 φρένα
2367 4205 2554 4275 τέρπε,
2605 4208 2662 4259 et
2711 4204 2826 4261 Eu·

1726 4279 1944 4358 ripidis‚
1979 4278 2260 4357 Ευφραινε
2291 4283 2519 4338 σαυτόν.

1809 4362 1946 4422 847.
1991 4362 2224 4418 πλοῦτος
2257 4357 2482 4416 ουδὲνιι
2456 4365 2668 4438 ὠφελεῖ
2696 4361 2828 4421 libri

1725 4437 2004 4515 impressi.
2061 4442 2102 4512 †
2129 4442 2363 4495 πλοῦτος
2393 4438 2699 4510 Ροιεοιιιιε,
2730 4442 2830 4520 qui

1730 4518 2022 4594 sequentia
2049 4517 2364 4576 adnotarat.
2444 4519 2565 4577 Pro
2594 4527 2828 4581 πλοῦτος

3235 909 3276 1054 *A

3269 1809 3276 1982 ψ

3172 4854 3181 4860 ι

3270 4841 3276 4933 -—
3265 4686 3276 4807 ΑΜ..
3263 4590 3276 4678 -**-—
3263 4486 3276 4559 *ab
3273 4466 3276 4471 .
3273 4448 3276 4453 .
3252 4342 3276 4429 -?..
