3282 5193
573 434 683 505 42

1458 435 1998 512 ΑΙΣΧΥΛΟΥ

1014 648 1181 722 νᾶες
1236 637 1375 738 μὲν
1432 637 1752 742 ἄγαγον,
1812 649 2074 739 ποποῖ,

1017 775 1184 850 νᾶες
1241 767 1304 846 δ’
1346 767 1780 866 ἀπώλεσαν,
1841 777 2076 865 τοτοῖ,

907 901 1074 977 νᾶες
1129 890 1740 997 πανωλέθροισιν
1797 899 2184 995 ἐμβολαῖς.

1122 1019 1246 1100 διὰ
1303 1019 1365 1100 δ’
1405 1019 1711 1101 Ἰαόνων
1757 1019 2017 1128 χέρας,

1122 1145 1395 1228 τυτθὸν
1454 1150 1811 1254 ἐκφυγεῖν
1865 1143 2120 1230 ἄνακτ’

2715 1163 2873 1240 570

1126 1271 1384 1369 αὐτόν,
1446 1279 1542 1359 ὡς
1598 1275 1996 1376 ἀκούομεν,

1125 1407 1431 1508 Θρᾷκης
1488 1403 1968 1507 ἀμπεδιήρεις

1124 1533 1541 1635 δυσχίμους
1596 1565 1678 1610 τε
1736 1529 2159 1613 κελεύθους.

1012 1659 1130 1735 τοὶ
1187 1654 1250 1736 δ’
1292 1654 1440 1759 ἄρα
1497 1655 1972 1761 πρωτόμοροι
2030 1656 2152 1757 δή,
2197 1664 2372 1763 φεῦ,

1008 1779 1446 1889 λειφθέντες
1501 1783 1695 1888 πρὸς
1753 1778 2113 1886 ἅναγκαν,
2175 1783 2290 1886 ἠέ,

2546 1692 2720 1760 στρ.
2765 1656 2867 1751 β’.

2709 1797 2864 1876 575

1010 1908 1237 1993 ἀκτὰς
1293 1913 1487 2018 ἀμφὶ
1548 1911 1954 2017 Κυχρείας,
2016 1908 2133 2008 ὀά,

640 2088 777 2146 568.
821 2085 915 2143 Ita
941 2084 1323 2153 Robortellus,
1362 2093 1419 2143 et
1464 2053 1667 2144 Porso-
1767 2086 1973 2156 ἁῒσσω,
1991 2084 2084 2142 cui
2099 2084 2401 2164 respondet
2416 2085 2474 2144 in
2493 2085 2868 2164 antistropha,

560 2164 1029 2234 nus,cumViteb.
1059 2169 1502 2242 πανολεθρίῃσιν
1523 2165 1660 2224 ΑΙᾶ.

559 2271 635 2303 πα
645 2248 1028 2320 νωλεθρίοισιν
1054 2243 1235 2301 Turn.
1276 2243 1485 2314 ceteri3
1532 2264 1663 2322 quae

559 2319 744 2384 forma
769 2321 1031 2400 nuspiam
1058 2329 1260 2380 exstat.

641 2404 778 2463 569.
821 2402 886 2461 δι’
905 2403 1092 2460 ἅόνων
1113 2401 1261 2459 Rob-
1348 2401 1486 2460 Post
1505 2401 1663 2460 hunc

557 2501 784 2540 versum
798 2481 965 2560 plene
980 2478 1333 2558 intel-pungit
1347 2480 1637 2540 Wellauer
1646 2524 1659 2538 .

642 2563 782 2625 570.
824 2559 993 2619 τυτθὰ
1036 2559 1079 2620 δ’
1117 2558 1255 2617 Ald.
1296 2559 1445 2618 Rob.
1475 2559 1656 2617 Turn.

559 2640 760 2718 Steph.
816 2640 992 2698 MSS.
1082 2638 1253 2697 τυτθά
1296 2640 1351 2711 γ’
1400 2639 1657 2697 Brunek.

560 2720 791 2778 Schutz.
836 2719 1071 2777 Porson·
1124 2718 1298 2777 τυτθὰ
1337 2718 1661 2795 διεκφυγεῖν

557 2798 796 2878 conjecit
824 2798 1121 2857 CanteruS.
1235 2797 1471 2855 Mallem
1514 2798 1662 2857 r1'1r6’

557 2882 922 2958 ὑπεκφυγεῖν.
971 2876 1085 2936 Sed
1109 2897 1305 2936 verum
1333 2884 1476 2953 puto
1505 2877 1661 2955 quod

559 2957 712 3018 dedi.
848 2957 1017 3016 Certe
1059 2955 1240 3033 magis
1287 2956 1661 3015 Homericum

558 3044 741 3095 sonat.

637 3116 774 3177 571.
818 3117 1004 3171 αὑτῶν
1057 3110 1187 3169 edd.
1232 3119 1363 3169 ante
1400 3112 1660 3172 Brunck.

556 3194 732 3252 αυτὸν
758 3191 833 3249 Α.
865 3190 937 3248 Β.
968 3190 1043 3247 G.
1074 3188 1144 3247 L.
1176 3189 1343 3248 Colb.
1381 3194 1431 3248 1.

637 3273 775 3335 572.
820 3274 1029 3343 Θρὴκης
1067 3267 1205 3326 Ald.
1247 3269 1397 3327 Rob.
1444 3270 1661 3351 Θρῄκης

556 3349 747 3409 ceteri.
856 3349 1008 3409 Dein
1061 3348 1451 3424 ἅναπεδιήρεις
1506 3349 1656 3408 Rob.

558 3430 766 3489 Nescio
832 3449 905 3487 an
973 3427 1108 3487 alibi
1180 3446 1215 3485 a
1254 3428 1336 3486 ud
1388 3428 1660 3507 Tragicos

556 3508 886 3600 praepositio
912 3506 1128 3567 nomini
1155 3526 1189 3563 a
1232 3507 1463 3577 haereat,
1493 3517 1560 3567 ut
1588 3528 1657 3566 ex

555 3588 624 3645 iis
651 3608 764 3645 una
790 3589 891 3645 fiat
916 3607 1044 3655 vox,
1075 3586 1230 3663 quod
1256 3586 1465 3663 saepius
1502 3588 1659 3665 apud

556 3666 876 3723 Homerum
902 3665 1117 3722 factum
1147 3672 1266 3731 est3
1310 3685 1556 3742 namque
1595 3667 1658 3722 in

559 3742 762 3821 Suppl.
793 3743 931 3800 346.
960 3761 1065 3817 pro
1107 3745 1415 3817 ἆμπέτραις
1443 3746 1658 3821 optime

557 3821 804 3881 restituit
830 3821 1101 3879 Butlerus
1127 3820 1169 3878 ἅ
1197 3824 1244 3879 ’ν
1271 3827 1517 3899 πέτραις.

634 3904 771 3964 573.
802 3899 1200 3979 δυσχειμέρους
1218 3900 1349 3958 edd.
1368 3907 1482 3959 vet.
1504 3900 1658 3978 quod

554 3980 772 4059 primus
807 3980 1050 4037 mutavit
1092 3978 1379 4037 Heathius
1422 3978 1485 4037 in
1532 3980 1658 4038 δυσ-

554 4066 807 4138 χείμους.
892 4058 1004 4117 Sed
1031 4058 1186 4135 quod
1211 4058 1447 4135 propius
1468 4067 1555 4117 est
1581 4059 1656 4117 ad

553 4139 810 4218 strophae
845 4156 1130 4207 numerOS,
1175 4138 1498 4215 δυσχίμους,
1545 4138 1657 4196 alio

552 4218 722 4277 etiam
750 4216 978 4276 nomine
1014 4236 1146 4275 cum
1174 4216 1429 4275 Arnaldo
1455 4218 1660 4295 praefe-

554 4297 793 4356 rendum
814 4296 1082 4375 judicavi.
1113 4295 1368 4355 Alteram
1391 4296 1654 4367 formam,

554 4377 603 4433 si
628 4377 772 4435 bene
799 4375 1054 4453 conjicio,
1093 4375 1317 4435 Graecia
1348 4376 1652 4435 nesciebat.

554 4453 626 4512 In
668 4454 870 4531 Eurip.
917 4454 1120 4532 Suppl.
1169 4457 1305 4516 969.
1346 4455 1555 4533 legitur
1594 4455 1655 4513 in

551 4532 803 4609 stropha,
827 4535 1166 4610 πνευμάτων
1195 4536 1302 4594 ὑπὸ
1330 4534 1656 4615 δυσχείμων

1767 2170 1934 2244 χωρὶς
1967 2165 2032 2234 δὴ
2075 2190 2206 2223 τινα
2243 2165 2406 2224 τῶνδ’
2457 2167 2706 2245 ἴσχουσα
2747 2174 2872 2244 μοῖ-

1764 2243 2026 2382 μὶἳέἒεεξ
2052 2243 2354 2381 manifeslto
2381 2244 2770 2382 reponendunz
2800 2265 2868 2336 ex

1930 2367 1946 2383 .
2025 2342 2276 2382 ausiensi
2317 2343 2386 2382 us
2429 2349 2458 2382 ε
2501 2349 2662 2390 ovea,
2707 2343 2742 2382 e
2807 2344 2869 2382 m

1765 2402 2004 2480 stropha
2029 2402 2335 2481 δυσχίμων.
2419 2350 2589 2461 {iimo
2629 2403 2871 2460 formam

1765 2480 2018 2539 admittit
2044 2491 2290 2539 metrum
2318 2480 2378 2537 in
2405 2481 2616 2540 Bacch.
2655 2485 2745 2539 15.
2769 2481 2870 2538 fla-

1763 2558 1909 2638 gitat
1951 2559 2012 2617 in
2049 2559 2251 2619 Nostri
2277 2559 2460 2619 Theb.
2495 2563 2635 2623 499.
2681 2561 2868 2637 Εἵρξει

1765 2644 2018 2699 νεοσσῶν
2083 2644 2152 2699 ὡς
2232 2640 2504 2715 δράκοντα
2564 2641 2862 2719 δύσχιμον.

1765 2718 2030 2797 Choeph.
2072 2722 2204 2779 184.
2265 2718 2548 2792 Στάγονες
2595 2726 2867 2798 ἄφραστοι

1763 2797 2043 2878 δυσχίμου
2084 2800 2488 2877 πλημμυρίδος.
2573 2800 2869 2879 Composi-

1765 2885 1889 2935 tum
1969 2878 2331 2957 μελάγχιμος
2387 2879 2632 2938 occurrit
2699 2899 2873 2957 supra

1764 2960 1902 3015 306.
1988 2958 2250 3035 Choeph.
2299 2962 2354 3018 9.
2466 2958 2669 3035 Suppl.
2732 2961 2865 3019 714.

1763 3034 1966 3112 Eurip.
1999 3035 2280 3093 Phoeniss.
2311 3038 2448 3094 383.
2494 3037 2704 3094 Electr.
2726 3039 2864 3095 513.

1763 3113 1976 3171 Incert.
2007 3114 2184 3172 Rhes.
2217 3116 2353 3174 962.
2459 3114 2605 3172 Vide
2634 3114 2864 3173 Glossa-

1761 3190 1928 3259 rium,
2002 3200 2060 3250 et
2132 3190 2466 3251 Elmsleium
2531 3193 2606 3251 ad
2658 3192 2862 3272 Eurip.

1762 3268 1964 3347 Suppl.
2000 3272 2135 3331 969.

1844 3350 1979 3411 574.
2024 3349 2237 3408 Forsan
2253 3356 2553 3427 praestaret
2579 3351 2630 3410 οἶ
2659 3350 2704 3409 δ’
2730 3352 2864 3429 ἄρα.

1763 3426 1873 3485 Sed
1914 3427 2043 3487 vide
2078 3429 2153 3487 ad
2183 3428 2368 3487 Theb.
2415 3432 2506 3491 17.
2591 3430 2735 3488 Mox
2777 3432 2863 3502 δὴ,

1760 3507 1915 3583 quod
1957 3507 2017 3565 in
2061 3507 2191 3566 edd.
2233 3516 2348 3566 vet.
2392 3507 2567 3577 deest,
2622 3508 2858 3569 inseruit

1762 3585 2068 3645 Heathius.
2153 3586 2352 3645 Posset
2388 3586 2557 3646 etiam
2585 3587 2699 3667 legi
2723 3614 2865 3668 πρω-

1761 3666 2028 3742 τομόροιο,
2113 3670 2235 3742 φεῦ,
2317 3672 2626 3744 ληφθέντες
2730 3672 2864 3746 πρὸς

1758 3748 2029 3818 ἀνάγκας.

1838 3824 1976 3885 575.
2045 3826 2351 3899 ληφθέντες
2405 3842 2602 3884 omnes
2653 3837 2866 3903 praeter

1760 3900 1907 3959 Rob.
1975 3900 2038 3957 ui
2062 3908 2406 3979 λειφθέντες,
2450 3924 2580 3982 quae
2622 3906 2864 3965 varietas

1755 3978 1816 4069 in
1873 3922 2113 4039 Scholiis
2159 3980 2331 4041 etiam
2388 3990 2754 4041 memoratur.
2805 3991 2863 4043 et

1757 4078 1838 4117 slc
1866 4058 1956 4115 M.
1994 4062 2044 4115 1.
2077 4064 2168 4127 2..
2251 4062 2425 4129 Quod
2463 4062 2512 4120 si
2551 4081 2748 4120 verum
2785 4063 2861 4121 sit

1756 4142 2080 4215 ληφθέντες,
2110 4147 2233 4197 tum
2260 4140 2563 4218 legendum
2591 4141 2698 4197 erit
2725 4144 2860 4217 πρὸς

1755 4216 2035 4293 ἀνάγκας.
2106 4218 2218 4277 Sed
2233 4221 2474 4287 alterum
2494 4218 2706 4287 malim,
2728 4239 2860 4279 cum

1758 4296 2026 4367 Stanleio,
2057 4297 2156 4379 qui
2183 4306 2334 4357 recte
2359 4297 2547 4365 vertit,
2577 4299 2770 4357 relicti
2790 4321 2858 4361 eoe

1757 4380 2116 4436 necessitate.
2174 4376 2267 4435 Cf.
2296 4397 2352 4434 v·
2385 4378 2521 4439 978.

1836 4458 1973 4519 576.
2019 4462 2145 4531 Κεγ
2221 4454 2490 4514 είαςΑῙᾶ.
2533 4462 2858 4536 Κυγχρείας

1757 4535 1991 4594 Barocc.
2037 4534 2162 4593 Gue
2186 4534 2228 4593 f.
2320 4540 2629 4613 Κιγχρείας
2674 4538 2764 4595 Μ.
2796 4543 2852 4597 2.
