3282 5193
616 439 765 507 154
1464 453 1968 508 GLOSSARIUM

613 634 953 712 Apollonius
999 632 1146 712 perci
1192 639 1399 710 φθορᾶς
1446 637 1842 713 πορευόμενος.
1908 652 2022 711 quo
2069 651 2240 690 sensu
2282 633 2553 710 primario
2604 636 2818 696 Noster

616 725 860 788 Eumen.
882 728 1021 784 882.
1051 729 1285 802 ''Ar-apos
1317 727 1500 803 ἔῤῥειν
1528 724 1673 784 τοῦδ’
1701 727 1973 792 ἀπόξενος
1999 724 2190 783 πέδου.
2238 724 2331 783 Cf.
2351 724 2491 783 ibid.
2515 728 2650 784 301.
2676 731 2814 790 745.

614 823 672 874 et
699 816 1069 876 Valckenaer.
1089 816 1162 876 ad
1182 816 1385 894 Eurip.
1413 817 1655 894 Hippol.
1683 819 1818 878 973.
1864 815 2175 875 Ruhnken.
2198 815 2271 872 ad
2287 815 2572 874 Timaeum
2591 838 2650 895 p.
2679 821 2812 877 120.

615 907 808 966 Lexic.
842 909 1135 987 Sangerm.
1165 929 1259 986 ap.
1284 908 1533 967 Bekker.
1554 907 1776 965 Anecd.
1804 906 1993 964 Graec.
2022 926 2082 984 p.
2101 910 2242 965 402.
2284 909 2654 984 Ἀνήῤῥησεν,
2684 913 2819 968 ἂνε-

613 1003 812 1076 φθιίρη·
854 995 955 1059 Ὠς
981 1005 1143 1078 μόλις
1170 999 1454 1077 ἅνὴῤῥησ’·
1512 999 1676 1058 οὒδέν
1705 1002 1880 1071 ἐσμεν
1907 999 1959 1056 οἱ
1989 1003 2208 1073 σαπροί.
2269 997 2509 1059 Εὔπολις
2539 1002 2814 1060 Πόλεσιν.

616 1090 855 1168 Eupolis
882 1093 1183 1169 scripserat
1208 1091 1503 1168 ἀπὴῤῥησ’,
1521 1099 1590 1148 ut
1608 1090 1878 1150 Cratinus
1898 1088 2048 1147 infra
2068 1109 2130 1167 p.
2149 1091 2310 1148 422.·
2337 1095 2454 1150 Οὐκ
2480 1094 2818 1169 ἀπεῤῥὴσεις

618 1186 687 1244 σε)
714 1191 955 1255 θᾶττον;
1000 1191 1253 1247 ἀποτιλῶ
1282 1212 1347 1246 σε
1376 1189 1633 1263 τήμερον.

698 1331 833 1392 738.
894 1305 1290 1405 Πανώλης.
1380 1329 1496 1394 ραι·
1542 1327 1830 1402 funditus
1876 1325 2087 1399 periit.
2171 1323 2356 1382 Theb.
2412 1312 2546 1386 548.
2633 1325 2668 1397 ἥ
2707 1332 2818 1387 τᾶν

514 1414 519 1418 ’
614 1419 897 1475 πανώλεις
923 1417 1222 1490 παγκάκως
1252 1417 1298 1473 τ’
1326 1417 1574 1473 ὀλοίατο.
1620 1412 1773 1469 idem
1801 1430 1868 1469 ac
1897 1413 2255 1487 πανώλεθρος
2289 1411 2430 1469 ibid.
2462 1417 2598 1473 930.
2640 1414 2818 1493 hujus

615 1506 825 1566 fabulae
857 1507 992 1565 568.
1076 1505 1277 1564 Minus
1314 1512 1465 1564 recte
1503 1501 1822 1563 Scholiasta
1856 1501 2265 1578 interpretatur
2303 1503 2556 1579 ἀνδρεῖος
2591 1510 2682 1563 καὶ
2719 1532 2818 1564 πο-

614 1603 858 1677 λεμικός.
942 1598 1091 1666 Quae
1119 1606 1437 1675 sequuntur
1462 1615 1646 1662 moesi,
1675 1593 1803 1652 οὐδέ
1831 1619 1906 1651 τις
1940 1599 2139 1670 γέρων,
2172 1594 2436 1653 nonnihil
2465 1596 2817 1656 difficultatis

611 1691 673 1748 in
716 1710 775 1748 se
816 1690 1049 1747 habent.
1135 1688 1452 1747 Scholiasta
1486 1687 1712 1764 legebat
1750 1691 1814 1744 οὺ
1857 1685 1919 1744 δέ
1956 1711 2034 1744 τις
2059 1691 2281 1761 .γὲρων,
2302 1690 2558 1762 populus
2595 1692 2818 1764 quidem

602 1784 793 1856 periit
807 1806 831 1846 ;
873 1801 984 1838 non
1010 1783 1147 1836 item
1183 1799 1343 1838 senes
1364 1803 1383 1836 .·
1428 1778 1586 1855 quod
1611 1797 1785 1855 quam
1814 1777 1888 1835 sit
1916 1777 2213 1854 frigidum,
2245 1797 2316 1835 ne
2355 1777 2547 1856 ipsum
2588 1781 2818 1858 quidem

616 1869 1068 1929 Grammaticum
1094 1869 1328 1928 latuisse
1355 1869 1575 1946 opinor.
1660 1868 1972 1946 Exspectat
2006 1869 2204 1937 lector,
2234 1869 2361 1928 οὐδέ
2400 1895 2479 1928 τις
2525 1880 2667 1930 νέος.
2751 1873 2817 1931 Si

614 1963 846 2041 vulgata
870 1969 1024 2020 recte
1051 1981 1111 2020 se
1137 1961 1405 2028 habeant,
1436 1959 1690 2029 verteris,
1721 1980 1792 2018 ne
1817 1980 1965 2017 unus
1992 1962 2214 2036 quidem
2242 1980 2412 2019 senex
2436 1972 2718 2038 superest.

700 2105 834 2166 740.
896 2076 1183 2164 Μονάς.
1242 2102 1589 2175 Sinyularis.
1651 2099 1860 2158 Rarius
1887 2119 1993 2177 pro
2022 2100 2300 2178 adjectivo
2321 2110 2660 2179 usurpatum
2683 2103 2814 2162 fuit.

618 2188 845 2266 (Eurip.
869 2188 1055 2246 Andr.
1080 2192 1218 2248 854.
1270 2188 1483 2246 Bacch.
1511 2187 1676 2264 609.)
1737 2187 1897 2244 Inter
1918 2186 2294 2265 philosophos
2322 2196 2380 2246 et
2407 2190 2704 2268 theologos
2731 2202 2820 2250 est

612 2283 830 2338 unitas.
915 2281 1184 2339 Ceterum
1211 2287 1277 2338 ut
1302 2280 1398 2337 hic
1426 2278 1634 2338 dicitur
1663 2279 1882 2337 Xerxes
1908 2279 2230 2355 μονάς-οὒ
2269 2286 2504 2338 πολλῶν
2539 2288 2705 2358 μέτα,
2737 2283 2818 2342 sic

614 2371 817 2448 Eurip.
839 2371 1067 2448 Hecub.
1095 2375 1265 2431 1130.
1310 2375 1491 2449 μόνον
1520 2370 1581 2429 δὲ
1611 2368 1718 2428 σὺν
1747 2376 1990 2429 τέκνοισί
2010 2375 2066 2446 μ’
2090 2373 2336 2446 εἰσάγει.
2405 2372 2684 2432 Herodot.
2705 2375 2813 2432 VI.

622 2465 713 2519 15.
768 2463 889 2540 μετ’
933 2467 1146 2538 ὀλίγων
1192 2465 1507 2541 συμμάχων
1551 2468 1963 2540 μεμονωμένοι.
2020 2461 2122 2519 ubi
2163 2461 2383 2520 confert
2409 2463 2844 2542 Wesselingius'

614 2552 878 2632 Thucyd.
899 2554 1007 2613 VI.
1036 2559 1127 2615 10.
1189 2558 1457 2634 μονωθεὶς
1483 2558 1603 2631 μετ’
1623 2555 1841 2629 ὀλίγων
1869 2552 2312 2628 ξυνδιαβάντων.
2399 2554 2592 2613 Multo
2620 2555 2819 2613 durius

616 2651 702 2702 est
730 2645 885 2722 quod
909 2646 1085 2704 habet
1112 2647 1379 2725 Xenoph.
1412 2646 1628 2724 Ephes.
1659 2666 1719 2723 p.
1750 2647 1848 2703 36.
1894 2647 2104 2704 πάντας
2143 2646 2458 2715 α’πέκτειιέ,
2492 2650 2716 2721 ὀλίγους
2755 2647 2818 2706 δὲ

619 2739 707 2795 καὶ
738 2740 951 2805 ζῶντας
981 2738 1181 2813 ἔλαβε.

700 2879 833 2941 746.
890 2856 1414 2958 Ἐπισκήπτω.
1500 2878 1781 2953 Ιηιρίρηο.
1866 2876 2000 2936 Vid.
2033 2896 2206 2957 supra
2239 2882 2372 2938 101.

699 3015 833 3077 747.
894 2988 1190 3095 Αὖχέω.
1285 3013 1650 3091 Confidmter
1705 3020 1966 3088 exspecto
2011 3013 2102 3072 vel
2150 3016 2297 3074 dicu.
2382 3014 2514 3074 Vid.
2560 3022 2708 3074 nott.
2760 3025 2818 3075 et

620 3099 871 3157 Glossar.
900 3100 961 3156 in
989 3100 1182 3157 Prom.
1218 3102 1353 3163 710.

703 3228 837 3289 748.
899 3201 1423 3305 Ξυνάπτομαι.
1510 3225 1644 3285 Vid.
1677 3246 1848 3305 supra
1878 3230 2012 3290 730.

703 3366 836 3427 751.
891 3338 1148 3446 Ἱερός.
1240 3364 1431 3423 Schol.
1513 3366 1664 3442 ἱερὸν
1719 3364 1779 3423 δὲ
1832 3371 2030 3426 τοῦτόν
2085 3382 2238 3443 φησι,
2297 3367 2388 3426 διὰ
2441 3369 2502 3428 τὸ
2559 3368 2814 3445 ἱδρΰσθαι

617 3456 811 3511 αὐτόθι
844 3454 975 3511 Διὸς
1004 3454 1173 3528 ἱερόν,
1203 3448 1275 3511 ὦς
1303 3458 1581 3512 Μνασέας
1612 3459 1805 3531 φησίν.
1855 3456 1890 3522 ἢ
1927 3455 2026 3512 τὸν
2063 3456 2388 3533 ‹ive-queror,
2419 3459 2709 3515 ἀκωλύτως
2747 3458 2841 3516 ὦς’

660 3547 675 3569 Χ
746 3547 760 3565 Ο
836 3547 852 3567 ἱ
924 3549 938 3568 9

616 3571 715 3605 τον
742 3570 894 3623 ιερον
920 3544 1091 3624 ιχθῦν
1118 3550 1408 3625 φέρεσθαῐ.
1493 3546 1648 3624 Lege
1675 3547 1982 3605 ἀκώλυτον.
2071 3546 2183 3605 Sed
2212 3567 2383 3625 nugae
2413 3556 2566 3607 sunt.

696 3689 854 3746 Ibid.
897 3664 1315 3766 Δέσμωμα.
1409 3689 1726 3747 Vinculum.
1811 3687 2076 3766 Intellige
2129 3688 2295 3747 funes
2354 3689 2702 3759 anchorales‚
2761 3700 2821 3749 et
2845 3644 2852 3649 ·

616 3774 924 3851 ligamenta
960 3780 1179 3851 stupea,
1210 3775 1417 3852 quibus
1445 3784 1593 3833 rates
1620 3776 2012 3835 tumultuariae
2039 3777 2541 3845 connectebantur,
2573 3797 2817 3855 quarum

618 3864 1015 3942 conjugatione
1043 3884 1187 3942 pons
1212 3865 1274 3923 in
1301 3866 1678 3944 Hellesponto
1706 3866 1890 3925 factus
1917 3875 2022 3926 est.
2107 3867 2242 3926 vid.
2272 3867 2347 3926 ad
2380 3870 2512 3931 728.

637 3996 642 3999 ⁸
701 4007 836 4070 753.
896 3984 1520 4088 Μεταῤῥυθμῖζω.
1607 4007 1684 4064 In
1731 4006 1906 4065 alium
1948 3978 2202 4066 ordinem
2250 4028 2402 4082 coya.
2490 4007 2683 4067 Schol.
2726 4013 2819 4067 καὶ

618 4096 715 4153 τὸν
745 4100 839 4165 τῆς
876 4095 1158 4165 θαλάττης
1196 4098 1368 4171 πόρον
1409 4100 1763 4171 μετὲπλαττε
1800 4098 1889 4152 καὶ
1929 4100 2008 4153 εἰς
2037 4098 2212 4171 ξηράν
2237 4093 2590 4174 μετέβαλλε.
2679 4096 2820 4155 Pro-

618 4188 880 4245 metheus
921 4186 1292 4263 compedibus
1326 4187 1551 4280 rinctus
1592 4186 1690 4255 ait,
1734 4192 1942 4257 νηλεῶς·
1963 4185 2091 4245 Ὧδ’
2134 4190 2525 4266 ἑῤῥὺθμισμαι.
2569 4188 2669 4246 ubi
2695 4188 2816 4246 vid.

619 4278 871 4337 Glossar.
902 4282 1040 4338 249.

702 4422 836 4482 756.
898 4393 1103 4500 Πρὸς
1141 4394 1339 4476 τάδε.
1441 4420 1836 4493 Hacpropter.
1941 4420 2085 4485 Quoe
2139 4440 2260 4477 cum
2311 4422 2400 4477 ita
2453 4422 2593 4478 sint.
2681 4419 2818 4478 Vid.

622 4506 871 4565 Glossar.
902 4506 963 4563 in
991 4505 1182 4563 Prom.
1222 4508 1393 4564 1065.
1474 4504 1661 4563 Theb.
1692 4504 1790 4565 57.
