<?xml version="1.0" encoding="UTF-8"?>
<!DOCTYPE html PUBLIC "-//W3C//DTD XHTML 1.0 Transitional//EN"
    "http://www.w3.org/TR/xhtml1/DTD/xhtml1-transitional.dtd">
<html xmlns="http://www.w3.org/1999/xhtml" xml:lang="en" lang="en">
 <head>
  <title>
</title>
<meta http-equiv="Content-Type" content="text/html;charset=utf-8" />
  <meta name='ocr-system' content='tesseract 3.04.00' />
  <meta name='ocr-capabilities' content='ocr_page ocr_carea ocr_par ocr_line ocrx_word'/>
</head>
<body>
  <div class='ocr_page' id='page_1' title='image "./pers00aescgoog_0202.png"; bbox 0 0 3282 5193; ppageno 0'>
   <div class='ocr_carea' id='block_1_1' title="bbox 707 360 2063 432">
    <p class='ocr_par' dir='ltr' id='par_1_1' title="bbox 707 360 2063 432">
     <span class='ocr_line' id='line_1_1' title="bbox 707 360 2063 432; baseline -0.002 0"><span class='ocrx_word' id='word_1_1' title='bbox 707 360 857 432; x_wconf 88' lang='grc'><strong>168</strong></span> <span class='ocrx_word' id='word_1_2' title='bbox 1559 375 2063 431; x_wconf 67' lang='lat' dir='ltr'><strong>snossARmM</strong></span> 
     </span>
    </p>
   </div>
   <div class='ocr_carea' id='block_1_2' title="bbox 704 550 2922 3817">
    <p class='ocr_par' dir='ltr' id='par_1_2' title="bbox 704 550 2922 3817">
     <span class='ocr_line' id='line_1_2' title="bbox 710 550 2921 631; baseline -0 -18"><span class='ocrx_word' id='word_1_3' title='bbox 710 553 1019 613; x_wconf 77' lang='grc' dir='ltr'>σπουδαῖον</span> <span class='ocrx_word' id='word_1_4' title='bbox 1047 556 1361 630; x_wconf 78' lang='grc' dir='ltr'>ἄνθρωπον,</span> <span class='ocrx_word' id='word_1_5' title='bbox 1390 556 1525 612; x_wconf 79' lang='grc' dir='ltr'>ἀλλ’</span> <span class='ocrx_word' id='word_1_6' title='bbox 1552 555 1613 612; x_wconf 75' lang='grc' dir='ltr'><strong>ἐκ</strong></span> <span class='ocrx_word' id='word_1_7' title='bbox 1650 557 1760 612; x_wconf 78' lang='grc' dir='ltr'>τῶν</span> <span class='ocrx_word' id='word_1_8' title='bbox 1787 556 2192 631; x_wconf 77' lang='grc' dir='ltr'>ἐπιτυχόντων·</span> <span class='ocrx_word' id='word_1_9' title='bbox 2237 550 2469 627; x_wconf 73' lang='grc' dir='ltr'>ἆγνοιιῖν</span> <span class='ocrx_word' id='word_1_10' title='bbox 2507 553 2591 612; x_wconf 76' lang='grc' dir='ltr'><strong>ὅτι</strong></span> <span class='ocrx_word' id='word_1_11' title='bbox 2631 559 2731 612; x_wconf 81' lang='grc' dir='ltr'><strong>τοῦ</strong></span> <span class='ocrx_word' id='word_1_12' title='bbox 2771 558 2921 628; x_wconf 73' lang='grc' dir='ltr'>ἁγα-</span> 
     </span>
     <span class='ocr_line' id='line_1_3' title="bbox 706 642 2922 724; baseline -0 -20"><span class='ocrx_word' id='word_1_13' title='bbox 706 648 807 704; x_wconf 84' lang='grc' dir='ltr'><strong>θοῦ</strong></span> <span class='ocrx_word' id='word_1_14' title='bbox 831 644 1121 718; x_wconf 78' lang='grc' dir='ltr'>βασιλέως</span> <span class='ocrx_word' id='word_1_15' title='bbox 1158 642 1210 704; x_wconf 75' lang='grc' dir='ltr'><strong>οἱ</strong></span> <span class='ocrx_word' id='word_1_16' title='bbox 1247 650 1399 724; x_wconf 86' lang='grc' dir='ltr'>φίλοι</span> <span class='ocrx_word' id='word_1_17' title='bbox 1439 645 1649 703; x_wconf 85' lang='grc' dir='ltr'>πάντες</span> <span class='ocrx_word' id='word_1_18' title='bbox 1686 647 1833 704; x_wconf 79' lang='grc' dir='ltr'>εἰσὶν</span> <span class='ocrx_word' id='word_1_19' title='bbox 1874 647 2172 721; x_wconf 83' lang='grc' dir='ltr'>ὀφθαλμοί.</span> <span class='ocrx_word' id='word_1_20' title='bbox 2257 644 2483 712; x_wconf 79' lang='lat' dir='ltr'><strong>Quibus</strong></span> <span class='ocrx_word' id='word_1_21' title='bbox 2510 652 2705 704; x_wconf 80' lang='lat' dir='ltr'><strong>tamen</strong></span> <span class='ocrx_word' id='word_1_22' title='bbox 2731 645 2922 703; x_wconf 82' lang='lat' dir='ltr'><strong>verbis</strong></span> 
     </span>
     <span class='ocr_line' id='line_1_4' title="bbox 706 733 2921 814; baseline -0.001 -19"><span class='ocrx_word' id='word_1_23' title='bbox 706 737 796 796; x_wconf 86' lang='lat' dir='ltr'><strong>bis</strong></span> <span class='ocrx_word' id='word_1_24' title='bbox 831 743 1130 814; x_wconf 84' lang='lat' dir='ltr'><strong>peccatum</strong></span> <span class='ocrx_word' id='word_1_25' title='bbox 1168 744 1296 806; x_wconf 85' lang='lat' dir='ltr'><strong>est;</strong></span> <span class='ocrx_word' id='word_1_26' title='bbox 1339 753 1522 814; x_wconf 91' lang='lat' dir='ltr'><strong>neque</strong></span> <span class='ocrx_word' id='word_1_27' title='bbox 1558 735 1712 794; x_wconf 91' lang='lat' dir='ltr'><strong>enim</strong></span> <span class='ocrx_word' id='word_1_28' title='bbox 1752 734 1854 792; x_wconf 86' lang='lat' dir='ltr'><strong>uni</strong></span> <span class='ocrx_word' id='word_1_29' title='bbox 1889 741 2134 804; x_wconf 89' lang='lat' dir='ltr'><strong>tantum,</strong></span> <span class='ocrx_word' id='word_1_30' title='bbox 2173 754 2279 793; x_wconf 88' lang='lat' dir='ltr'><strong>nec</strong></span> <span class='ocrx_word' id='word_1_31' title='bbox 2318 733 2489 792; x_wconf 83' lang='lat' dir='ltr'><strong>alicui</strong></span> <span class='ocrx_word' id='word_1_32' title='bbox 2530 755 2562 792; x_wconf 92' lang='lat' dir='ltr'><strong>e</strong></span> <span class='ocrx_word' id='word_1_33' title='bbox 2588 735 2921 812; x_wconf 79' lang='lat' dir='ltr'><strong>vulgaribus</strong></span> 
     </span>
     <span class='ocr_line' id='line_1_5' title="bbox 706 824 2920 893; baseline -0.001 -9"><span class='ocrx_word' id='word_1_34' title='bbox 706 825 1067 885; x_wconf 83' lang='lat' dir='ltr'><strong>deferebatur</strong></span> <span class='ocrx_word' id='word_1_35' title='bbox 1114 827 1226 886; x_wconf 86' lang='lat' dir='ltr'><strong>hoc</strong></span> <span class='ocrx_word' id='word_1_36' title='bbox 1272 827 1544 886; x_wconf 87' lang='lat' dir='ltr'><strong>officium.</strong></span> <span class='ocrx_word' id='word_1_37' title='bbox 1628 825 1790 884; x_wconf 85' lang='lat' dir='ltr'><strong>Duos</strong></span> <span class='ocrx_word' id='word_1_38' title='bbox 1830 825 2005 884; x_wconf 87' lang='lat' dir='ltr'><strong>fuisse</strong></span> <span class='ocrx_word' id='word_1_39' title='bbox 2048 824 2127 884; x_wconf 82' lang='lat' dir='ltr'><strong>ait</strong></span> <span class='ocrx_word' id='word_1_40' title='bbox 2169 824 2512 884; x_wconf 84' lang='lat' dir='ltr'><strong>Scholiastes</strong></span> <span class='ocrx_word' id='word_1_41' title='bbox 2552 833 2764 893; x_wconf 89' lang='lat' dir='ltr'><strong>noster,</strong></span> <span class='ocrx_word' id='word_1_42' title='bbox 2807 825 2920 882; x_wconf 88' lang='lat' dir='ltr'><strong>isto</strong></span> 
     </span>
     <span class='ocr_line' id='line_1_6' title="bbox 707 913 2920 994; baseline -0.001 -20"><span class='ocrx_word' id='word_1_43' title='bbox 707 935 943 975; x_wconf 86' lang='lat' dir='ltr'><strong>munere</strong></span> <span class='ocrx_word' id='word_1_44' title='bbox 970 916 1199 976; x_wconf 81' lang='lat' dir='ltr'><strong>functos</strong></span> <span class='ocrx_word' id='word_1_45' title='bbox 1224 943 1241 987; x_wconf 88' lang='lat'>;</span> <span class='ocrx_word' id='word_1_46' title='bbox 1284 924 1345 975; x_wconf 90' lang='lat' dir='ltr'><strong>at</strong></span> <span class='ocrx_word' id='word_1_47' title='bbox 1382 917 1708 994; x_wconf 87' lang='lat' dir='ltr'>Xenophon</span> <span class='ocrx_word' id='word_1_48' title='bbox 1743 916 1954 994; x_wconf 87' lang='lat' dir='ltr'><strong>plures,</strong></span> <span class='ocrx_word' id='word_1_49' title='bbox 1983 915 2100 974; x_wconf 90' lang='lat' dir='ltr'><strong>imo</strong></span> <span class='ocrx_word' id='word_1_50' title='bbox 2136 914 2388 984; x_wconf 47' lang='lat' dir='ltr'><strong>multon</strong></span> <span class='ocrx_word' id='word_1_51' title='bbox 2431 922 2736 994; x_wconf 82' lang='lat' dir='ltr'><strong>postquam</strong></span> <span class='ocrx_word' id='word_1_52' title='bbox 2765 913 2920 972; x_wconf 89' lang='lat' dir='ltr'><strong>enim</strong></span> 
     </span>
     <span class='ocr_line' id='line_1_7' title="bbox 708 1005 2921 1089; baseline -0.003 -21"><span class='ocrx_word' id='word_1_53' title='bbox 708 1027 805 1069; x_wconf 83' lang='lat' dir='ltr'><strong>eos</strong></span> <span class='ocrx_word' id='word_1_54' title='bbox 832 1008 1133 1079; x_wconf 85' lang='lat' dir='ltr'><strong>refellerat,</strong></span> <span class='ocrx_word' id='word_1_55' title='bbox 1163 1009 1264 1089; x_wconf 90' lang='lat' dir='ltr'><strong>qui</strong></span> <span class='ocrx_word' id='word_1_56' title='bbox 1298 1009 1531 1068; x_wconf 91' lang='lat' dir='ltr'><strong>unicum</strong></span> <span class='ocrx_word' id='word_1_57' title='bbox 1568 1009 1966 1068; x_wconf 84' lang='lat' dir='ltr'><strong>existimarunt</strong></span> <span class='ocrx_word' id='word_1_58' title='bbox 2001 1007 2218 1087; x_wconf 81' lang='lat' dir='ltr'><strong>Cyrop.</strong></span> <span class='ocrx_word' id='word_1_59' title='bbox 2245 1007 2348 1067; x_wconf 90' lang='lat' dir='ltr'><strong>lib.</strong></span> <span class='ocrx_word' id='word_1_60' title='bbox 2379 1005 2556 1066; x_wconf 85' lang='lat' dir='ltr'>VIII.</span> <span class='ocrx_word' id='word_1_61' title='bbox 2593 1009 2649 1064; x_wconf 89' lang='lat'><strong>2.</strong></span> <span class='ocrx_word' id='word_1_62' title='bbox 2687 1005 2822 1064; x_wconf 81' lang='lat'><strong>10.*</strong></span> <span class='ocrx_word' id='word_1_63' title='bbox 2867 1007 2921 1063; x_wconf 75' lang='grc' dir='ltr'>εἰ</span> 
     </span>
     <span class='ocr_line' id='line_1_8' title="bbox 711 1099 2920 1180; baseline -0.002 -21"><span class='ocrx_word' id='word_1_64' title='bbox 711 1099 774 1159; x_wconf 78' lang='grc' dir='ltr'><strong>δέ</strong></span> <span class='ocrx_word' id='word_1_65' title='bbox 821 1125 903 1160; x_wconf 88' lang='grc' dir='ltr'>τις</span> <span class='ocrx_word' id='word_1_66' title='bbox 945 1103 1126 1161; x_wconf 67' lang='grc' dir='ltr'>οἴεται</span> <span class='ocrx_word' id='word_1_67' title='bbox 1170 1106 1275 1160; x_wconf 73' lang='grc' dir='ltr'>ἕνα</span> <span class='ocrx_word' id='word_1_68' title='bbox 1320 1103 1544 1180; x_wconf 75' lang='grc' dir='ltr'>αἱρετὸν</span> <span class='ocrx_word' id='word_1_69' title='bbox 1582 1103 1732 1160; x_wconf 70' lang='grc' dir='ltr'>εἶναι</span> <span class='ocrx_word' id='word_1_70' title='bbox 1775 1101 2070 1177; x_wconf 82' lang='grc' dir='ltr'>ὀφθαλμὸν</span> <span class='ocrx_word' id='word_1_71' title='bbox 2109 1099 2364 1174; x_wconf 86' lang='grc' dir='ltr'>βασιλεῖ,</span> <span class='ocrx_word' id='word_1_72' title='bbox 2392 1102 2493 1158; x_wconf 77' lang='grc' dir='ltr'><strong>οὒκ</strong></span> <span class='ocrx_word' id='word_1_73' title='bbox 2517 1101 2688 1174; x_wconf 79' lang='grc' dir='ltr'>ὀρθῶς</span> <span class='ocrx_word' id='word_1_74' title='bbox 2715 1099 2920 1156; x_wconf 73' lang='grc' dir='ltr'>οἴεται·</span> 
     </span>
     <span class='ocr_line' id='line_1_9' title="bbox 711 1189 2921 1269; baseline -0.001 -19"><span class='ocrx_word' id='word_1_75' title='bbox 711 1193 890 1266; x_wconf 95' lang='grc' dir='ltr'>ὀλίγα</span> <span class='ocrx_word' id='word_1_76' title='bbox 929 1192 1042 1269; x_wconf 70' lang='grc' dir='ltr'><strong>γάρ</strong></span> <span class='ocrx_word' id='word_1_77' title='bbox 1079 1193 1159 1252; x_wconf 73' lang='grc' dir='ltr'><strong>εἷς</strong></span> <span class='ocrx_word' id='word_1_78' title='bbox 1200 1197 1275 1254; x_wconf 81' lang='grc' dir='ltr'>ἃν</span> <span class='ocrx_word' id='word_1_79' title='bbox 1310 1195 1419 1254; x_wconf 84' lang='grc' dir='ltr'>ἰ’δοι</span> <span class='ocrx_word' id='word_1_80' title='bbox 1457 1196 1545 1252; x_wconf 84' lang='grc' dir='ltr'><strong>καὶ</strong></span> <span class='ocrx_word' id='word_1_81' title='bbox 1585 1193 1663 1252; x_wconf 73' lang='grc' dir='ltr'><strong>εἷς</strong></span> <span class='ocrx_word' id='word_1_82' title='bbox 1702 1193 1978 1252; x_wconf 76' lang='grc' dir='ltr'>ἀκούσειε·</span> <span class='ocrx_word' id='word_1_83' title='bbox 2023 1211 2158 1250; x_wconf 84' lang='lat' dir='ltr'><strong>mox</strong></span> <span class='ocrx_word' id='word_1_84' title='bbox 2195 1191 2440 1269; x_wconf 83' lang='lat' dir='ltr'><strong>subjicit,</strong></span> <span class='ocrx_word' id='word_1_85' title='bbox 2471 1189 2612 1249; x_wconf 76' lang='grc' dir='ltr'>οὕτω</span> <span class='ocrx_word' id='word_1_86' title='bbox 2639 1190 2701 1248; x_wconf 85' lang='grc' dir='ltr'><strong>δὲ</strong></span> <span class='ocrx_word' id='word_1_87' title='bbox 2727 1189 2921 1248; x_wconf 66' lang='grc' dir='ltr'>πολλὰ</span> 
     </span>
     <span class='ocr_line' id='line_1_10' title="bbox 707 1280 2921 1363; baseline -0 -22"><span class='ocrx_word' id='word_1_88' title='bbox 707 1284 819 1360; x_wconf 83' lang='grc' dir='ltr'>μὲν</span> <span class='ocrx_word' id='word_1_89' title='bbox 866 1283 1156 1357; x_wconf 83' lang='grc' dir='ltr'>βασιλέως</span> <span class='ocrx_word' id='word_1_90' title='bbox 1202 1282 1337 1356; x_wconf 76' lang='grc' dir='ltr'>ὦτα,</span> <span class='ocrx_word' id='word_1_91' title='bbox 1380 1288 1585 1344; x_wconf 79' lang='grc' dir='ltr'>πολλοὶ</span> <span class='ocrx_word' id='word_1_92' title='bbox 1630 1284 1694 1343; x_wconf 58' lang='grc' dir='ltr'><strong>ἑὲ</strong></span> <span class='ocrx_word' id='word_1_93' title='bbox 1739 1286 2018 1363; x_wconf 79' lang='grc' dir='ltr'>ὀφθαλμοὶ</span> <span class='ocrx_word' id='word_1_94' title='bbox 2065 1287 2412 1360; x_wconf 74' lang='grc' dir='ltr'>νομίζονται·</span> <span class='ocrx_word' id='word_1_95' title='bbox 2477 1285 2565 1341; x_wconf 76' lang='grc' dir='ltr'><strong>καὶ</strong></span> <span class='ocrx_word' id='word_1_96' title='bbox 2609 1280 2921 1359; x_wconf 79' lang='grc' dir='ltr'>φοβοῦνται</span> 
     </span>
     <span class='ocr_line' id='line_1_11' title="bbox 711 1375 2920 1457; baseline -0 -26"><span class='ocrx_word' id='word_1_97' title='bbox 711 1380 1013 1455; x_wconf 83' lang='grc' dir='ltr'>πανταχοῦ</span> <span class='ocrx_word' id='word_1_98' title='bbox 1040 1383 1244 1452; x_wconf 81' lang='grc' dir='ltr'>λέγειν</span> <span class='ocrx_word' id='word_1_99' title='bbox 1273 1378 1341 1436; x_wconf 72' lang='lat' dir='ltr'><strong>rd</strong></span> <span class='ocrx_word' id='word_1_100' title='bbox 1369 1383 1447 1455; x_wconf 75' lang='grc' dir='ltr'><strong>μὴ</strong></span> <span class='ocrx_word' id='word_1_101' title='bbox 1478 1378 1730 1457; x_wconf 80' lang='grc' dir='ltr'>σῦμφορα</span> <span class='ocrx_word' id='word_1_102' title='bbox 1757 1375 2015 1449; x_wconf 82' lang='grc' dir='ltr'>βασιλεῖ,</span> <span class='ocrx_word' id='word_1_103' title='bbox 2049 1380 2234 1452; x_wconf 75' lang='grc' dir='ltr'>ὥσπερ</span> <span class='ocrx_word' id='word_1_104' title='bbox 2277 1379 2448 1435; x_wconf 72' lang='grc' dir='ltr'>αὐτοῦ</span> <span class='ocrx_word' id='word_1_105' title='bbox 2487 1377 2802 1440; x_wconf 78' lang='grc' dir='ltr'>ἆκοῦοντος,</span> <span class='ocrx_word' id='word_1_106' title='bbox 2827 1375 2920 1432; x_wconf 78' lang='grc' dir='ltr'><strong>καὶ</strong></span> 
     </span>
     <span class='ocr_line' id='line_1_12' title="bbox 709 1465 2920 1547; baseline -0.001 -23"><span class='ocrx_word' id='word_1_107' title='bbox 709 1476 894 1525; x_wconf 87' lang='grc' dir='ltr'>ποιεῖν</span> <span class='ocrx_word' id='word_1_108' title='bbox 936 1472 975 1526; x_wconf 83' lang='grc' dir='ltr'>ἃ</span> <span class='ocrx_word' id='word_1_109' title='bbox 1017 1472 1095 1547; x_wconf 77' lang='grc' dir='ltr'><strong>μὴ</strong></span> <span class='ocrx_word' id='word_1_110' title='bbox 1140 1470 1417 1547; x_wconf 72' lang='grc' dir='ltr'>σύμφορα,</span> <span class='ocrx_word' id='word_1_111' title='bbox 1459 1472 1647 1543; x_wconf 76' lang='grc' dir='ltr'>ὥσπερ</span> <span class='ocrx_word' id='word_1_112' title='bbox 1693 1471 1863 1526; x_wconf 74' lang='grc' dir='ltr'>αὑτοῦ</span> <span class='ocrx_word' id='word_1_113' title='bbox 1907 1470 2200 1543; x_wconf 77' lang='grc' dir='ltr'>παρόντος.</span> <span class='ocrx_word' id='word_1_114' title='bbox 2285 1466 2379 1524; x_wconf 76' lang='lat' dir='ltr'><strong>Ita</strong></span> <span class='ocrx_word' id='word_1_115' title='bbox 2417 1473 2474 1524; x_wconf 83' lang='lat' dir='ltr'><strong>et</strong></span> <span class='ocrx_word' id='word_1_116' title='bbox 2514 1465 2804 1524; x_wconf 74' lang='lat' dir='ltr'><strong>Lucianus</strong></span> <span class='ocrx_word' id='word_1_117' title='bbox 2845 1465 2920 1523; x_wconf 86' lang='lat' dir='ltr'><strong>de</strong></span> 
     </span>
     <span class='ocr_line' id='line_1_13' title="bbox 710 1557 2921 1637; baseline -0.001 -22"><span class='ocrx_word' id='word_1_118' title='bbox 710 1558 969 1618; x_wconf 85' lang='lat' dir='ltr'><strong>mercede</strong></span> <span class='ocrx_word' id='word_1_119' title='bbox 1006 1560 1273 1619; x_wconf 79' lang='lat' dir='ltr'><strong>conduct.</strong></span> <span class='ocrx_word' id='word_1_120' title='bbox 1320 1558 1436 1618; x_wconf 76' lang='grc' dir='ltr'><strong>ὦτα</strong></span> <span class='ocrx_word' id='word_1_121' title='bbox 1472 1560 1590 1637; x_wconf 72' lang='grc' dir='ltr'><strong>γαῖρ</strong></span> <span class='ocrx_word' id='word_1_122' title='bbox 1629 1563 1719 1619; x_wconf 74' lang='grc' dir='ltr'><strong>καὶ</strong></span> <span class='ocrx_word' id='word_1_123' title='bbox 1759 1560 2034 1637; x_wconf 82' lang='grc' dir='ltr'>ὀφθαλμοὶ</span> <span class='ocrx_word' id='word_1_124' title='bbox 2070 1557 2358 1632; x_wconf 81' lang='grc' dir='ltr'>βασιλέως</span> <span class='ocrx_word' id='word_1_125' title='bbox 2397 1562 2621 1626; x_wconf 85' lang='grc' dir='ltr'>πολλοί,</span> <span class='ocrx_word' id='word_1_126' title='bbox 2649 1562 2715 1616; x_wconf 77' lang='grc' dir='ltr'><strong>οὒ</strong></span> <span class='ocrx_word' id='word_1_127' title='bbox 2739 1560 2921 1636; x_wconf 85' lang='grc' dir='ltr'>μόνον</span> 
     </span>
     <span class='ocr_line' id='line_1_14' title="bbox 716 1648 2917 1729; baseline 0.001 -24"><span class='ocrx_word' id='word_1_128' title='bbox 716 1653 931 1720; x_wconf 86' lang='grc' dir='ltr'>ταληθῆ</span> <span class='ocrx_word' id='word_1_129' title='bbox 970 1652 1226 1726; x_wconf 77' lang='grc' dir='ltr'>ὁρῶντες,</span> <span class='ocrx_word' id='word_1_130' title='bbox 1255 1655 1391 1710; x_wconf 79' lang='grc' dir='ltr'>ἀλλ’</span> <span class='ocrx_word' id='word_1_131' title='bbox 1426 1656 1522 1710; x_wconf 77' lang='grc' dir='ltr'><strong>ἀεί</strong></span> <span class='ocrx_word' id='word_1_132' title='bbox 1555 1676 1616 1710; x_wconf 87' lang='grc' dir='ltr'>τε</span> <span class='ocrx_word' id='word_1_133' title='bbox 1660 1654 2203 1729; x_wconf 83' lang='grc' dir='ltr'>πρυεπιμετροῦντες,</span> <span class='ocrx_word' id='word_1_134' title='bbox 2249 1655 2322 1707; x_wconf 81' lang='grc' dir='ltr'>ὡς</span> <span class='ocrx_word' id='word_1_135' title='bbox 2363 1654 2439 1726; x_wconf 88' lang='grc' dir='ltr'><strong>μὴ</strong></span> <span class='ocrx_word' id='word_1_136' title='bbox 2485 1651 2785 1716; x_wconf 76' lang='grc' dir='ltr'>νυστάζειν</span> <span class='ocrx_word' id='word_1_137' title='bbox 2828 1648 2917 1708; x_wconf 82' lang='grc' dir='ltr'><strong>δο-</strong></span> 
     </span>
     <span class='ocr_line' id='line_1_15' title="bbox 712 1739 2916 1819; baseline -0 -21"><span class='ocrx_word' id='word_1_138' title='bbox 712 1747 884 1799; x_wconf 78' lang='grc' dir='ltr'>κοῖεν.</span> <span class='ocrx_word' id='word_1_139' title='bbox 923 1741 1261 1801; x_wconf 87' lang='lat' dir='ltr'><strong>Aristoteles</strong></span> <span class='ocrx_word' id='word_1_140' title='bbox 1278 1742 1503 1802; x_wconf 88' lang='lat' dir='ltr'><strong>Politic.</strong></span> <span class='ocrx_word' id='word_1_141' title='bbox 1514 1743 1615 1801; x_wconf 91' lang='lat' dir='ltr'><strong>lib.</strong></span> <span class='ocrx_word' id='word_1_142' title='bbox 1630 1743 1751 1801; x_wconf 94' lang='lat' dir='ltr'>III.</span> <span class='ocrx_word' id='word_1_143' title='bbox 1787 1741 2150 1819; x_wconf 83' lang='lat' dir='ltr'><strong>(Scholiastae</strong></span> <span class='ocrx_word' id='word_1_144' title='bbox 2166 1739 2568 1818; x_wconf 76' lang='lat' dir='ltr'><strong>Aristophanis</strong></span> <span class='ocrx_word' id='word_1_145' title='bbox 2582 1740 2645 1798; x_wconf 89' lang='lat' dir='ltr'><strong>in</strong></span> <span class='ocrx_word' id='word_1_146' title='bbox 2657 1739 2916 1798; x_wconf 89' lang='lat' dir='ltr'><strong>Acharn.</strong></span> 
     </span>
     <span class='ocr_line' id='line_1_16' title="bbox 710 1830 2920 1910; baseline 0.001 -22"><span class='ocrx_word' id='word_1_147' title='bbox 710 1830 1004 1909; x_wconf 80' lang='lat' dir='ltr'><strong>laudatus)</strong></span> <span class='ocrx_word' id='word_1_148' title='bbox 1062 1835 1184 1891; x_wconf 76' lang='grc' dir='ltr'>ἐπεὶ</span> <span class='ocrx_word' id='word_1_149' title='bbox 1242 1837 1334 1892; x_wconf 80' lang='grc' dir='ltr'><strong>καὶ</strong></span> <span class='ocrx_word' id='word_1_150' title='bbox 1389 1843 1491 1892; x_wconf 84' lang='grc' dir='ltr'><strong>νῦν</strong></span> <span class='ocrx_word' id='word_1_151' title='bbox 1540 1832 1864 1910; x_wconf 78' lang='grc' dir='ltr'>ὀφθαλμοῦς</span> <span class='ocrx_word' id='word_1_152' title='bbox 1921 1831 2166 1892; x_wconf 77' lang='grc' dir='ltr'>πολλοῦς</span> <span class='ocrx_word' id='word_1_153' title='bbox 2211 1834 2264 1890; x_wconf 75' lang='grc' dir='ltr'><strong>οἱ</strong></span> <span class='ocrx_word' id='word_1_154' title='bbox 2319 1831 2621 1910; x_wconf 86' lang='grc' dir='ltr'>Μόναρχοι</span> <span class='ocrx_word' id='word_1_155' title='bbox 2661 1837 2920 1890; x_wconf 82' lang='grc' dir='ltr'>ποιοῦσιν</span> 
     </span>
     <span class='ocr_line' id='line_1_17' title="bbox 712 1922 2918 2000; baseline 0.001 -21"><span class='ocrx_word' id='word_1_156' title='bbox 712 1927 914 1980; x_wconf 73' lang='grc' dir='ltr'>αὐτῶν.</span> <span class='ocrx_word' id='word_1_157' title='bbox 1002 1923 1175 1991; x_wconf 81' lang='lat' dir='ltr'><strong>Quod</strong></span> <span class='ocrx_word' id='word_1_158' title='bbox 1214 1924 1387 1983; x_wconf 87' lang='lat' dir='ltr'><strong>etiam</strong></span> <span class='ocrx_word' id='word_1_159' title='bbox 1427 1925 1509 1982; x_wconf 90' lang='lat' dir='ltr'><strong>ait</strong></span> <span class='ocrx_word' id='word_1_160' title='bbox 1534 1924 1688 1984; x_wconf 81' lang='lat' dir='ltr'><strong>viros</strong></span> <span class='ocrx_word' id='word_1_161' title='bbox 1724 1925 1834 1983; x_wconf 88' lang='lat' dir='ltr'><strong>hoc</strong></span> <span class='ocrx_word' id='word_1_162' title='bbox 1875 1924 2063 1983; x_wconf 89' lang='lat' dir='ltr'><strong>officio</strong></span> <span class='ocrx_word' id='word_1_163' title='bbox 2089 1923 2318 1982; x_wconf 88' lang='lat' dir='ltr'><strong>functos</strong></span> <span class='ocrx_word' id='word_1_164' title='bbox 2343 1943 2544 2000; x_wconf 85' lang='lat' dir='ltr'><strong>graves</strong></span> <span class='ocrx_word' id='word_1_165' title='bbox 2578 1942 2696 1981; x_wconf 92' lang='lat' dir='ltr'><strong>non</strong></span> <span class='ocrx_word' id='word_1_166' title='bbox 2721 1922 2918 1992; x_wconf 85' lang='lat' dir='ltr'><strong>fuisse,</strong></span> 
     </span>
     <span class='ocr_line' id='line_1_18' title="bbox 712 2014 2920 2092; baseline -0.001 -18"><span class='ocrx_word' id='word_1_167' title='bbox 712 2015 813 2074; x_wconf 87' lang='lat' dir='ltr'><strong>sed</strong></span> <span class='ocrx_word' id='word_1_168' title='bbox 856 2014 1135 2092; x_wconf 78' lang='lat' dir='ltr'><strong>vulgares,</strong></span> <span class='ocrx_word' id='word_1_169' title='bbox 1181 2034 1409 2074; x_wconf 89' lang='lat' dir='ltr'><strong>rursum</strong></span> <span class='ocrx_word' id='word_1_170' title='bbox 1456 2015 1634 2075; x_wconf 79' lang='lat' dir='ltr'><strong>falsus</strong></span> <span class='ocrx_word' id='word_1_171' title='bbox 1678 2023 1765 2074; x_wconf 85' lang='lat' dir='ltr'><strong>est</strong></span> <span class='ocrx_word' id='word_1_172' title='bbox 1809 2015 1942 2074; x_wconf 86' lang='lat' dir='ltr'><strong>Dio.</strong></span> <span class='ocrx_word' id='word_1_173' title='bbox 2029 2014 2320 2092; x_wconf 84' lang='lat' dir='ltr'><strong>Alpistum</strong></span> <span class='ocrx_word' id='word_1_174' title='bbox 2369 2014 2576 2074; x_wconf 78' lang='lat' dir='ltr'><strong>Xerxis</strong></span> <span class='ocrx_word' id='word_1_175' title='bbox 2616 2014 2920 2091; x_wconf 83' lang='grc' dir='ltr'>ὀφθαλμὸν</span> 
     </span>
     <span class='ocr_line' id='line_1_19' title="bbox 710 2104 2920 2184; baseline -0.001 -20"><span class='ocrx_word' id='word_1_176' title='bbox 710 2107 916 2164; x_wconf 82' lang='grc' dir='ltr'>πιστόν</span> <span class='ocrx_word' id='word_1_177' title='bbox 942 2112 1108 2164; x_wconf 86' lang='lat' dir='ltr'><strong>vocat</strong></span> <span class='ocrx_word' id='word_1_178' title='bbox 1135 2105 1447 2184; x_wconf 78' lang='lat' dir='ltr'><strong>AEsehylus</strong></span> <span class='ocrx_word' id='word_1_179' title='bbox 1473 2113 1684 2176; x_wconf 86' lang='lat' dir='ltr'><strong>noster,</strong></span> <span class='ocrx_word' id='word_1_180' title='bbox 1714 2125 1830 2164; x_wconf 91' lang='lat' dir='ltr'><strong>non</strong></span> <span class='ocrx_word' id='word_1_181' title='bbox 1870 2105 2051 2164; x_wconf 86' lang='lat' dir='ltr'><strong>otioso</strong></span> <span class='ocrx_word' id='word_1_182' title='bbox 2091 2105 2347 2183; x_wconf 89' lang='lat' dir='ltr'><strong>epitheto</strong></span> <span class='ocrx_word' id='word_1_183' title='bbox 2370 2130 2386 2175; x_wconf 78' lang='lat'><em>3</em></span> <span class='ocrx_word' id='word_1_184' title='bbox 2430 2105 2541 2162; x_wconf 87' lang='lat' dir='ltr'><strong>hoc</strong></span> <span class='ocrx_word' id='word_1_185' title='bbox 2568 2105 2719 2164; x_wconf 89' lang='lat' dir='ltr'><strong>enim</strong></span> <span class='ocrx_word' id='word_1_186' title='bbox 2747 2104 2920 2163; x_wconf 88' lang='lat' dir='ltr'><strong>titulo</strong></span> 
     </span>
     <span class='ocr_line' id='line_1_20' title="bbox 710 2194 2922 2275; baseline -0.001 -21"><span class='ocrx_word' id='word_1_187' title='bbox 710 2194 968 2272; x_wconf 88' lang='lat' dir='ltr'><strong>insigniti</strong></span> <span class='ocrx_word' id='word_1_188' title='bbox 1008 2204 1170 2255; x_wconf 89' lang='lat' dir='ltr'><strong>erant</strong></span> <span class='ocrx_word' id='word_1_189' title='bbox 1210 2215 1469 2275; x_wconf 84' lang='lat' dir='ltr'><strong>proceres</strong></span> <span class='ocrx_word' id='word_1_190' title='bbox 1510 2195 1739 2265; x_wconf 85' lang='lat' dir='ltr'><strong>Persici,</strong></span> <span class='ocrx_word' id='word_1_191' title='bbox 1770 2195 1925 2275; x_wconf 89' lang='lat' dir='ltr'><strong>quod</strong></span> <span class='ocrx_word' id='word_1_192' title='bbox 1952 2196 2040 2254; x_wconf 87' lang='lat' dir='ltr'><strong>vel</strong></span> <span class='ocrx_word' id='word_1_193' title='bbox 2080 2215 2150 2254; x_wconf 87' lang='lat' dir='ltr'><strong>ex</strong></span> <span class='ocrx_word' id='word_1_194' title='bbox 2191 2197 2299 2254; x_wconf 89' lang='lat' dir='ltr'><strong>hac</strong></span> <span class='ocrx_word' id='word_1_195' title='bbox 2338 2195 2534 2254; x_wconf 82' lang='lat' dir='ltr'><strong>fabula</strong></span> <span class='ocrx_word' id='word_1_196' title='bbox 2571 2195 2702 2273; x_wconf 89' lang='lat' dir='ltr'><strong>plus</strong></span> <span class='ocrx_word' id='word_1_197' title='bbox 2744 2195 2922 2254; x_wconf 87' lang='lat' dir='ltr'><strong>semel</strong></span> 
     </span>
     <span class='ocr_line' id='line_1_21' title="bbox 712 2285 2916 2364; baseline 0 -22"><span class='ocrx_word' id='word_1_198' title='bbox 712 2285 1045 2343; x_wconf 87' lang='lat' dir='ltr'><strong>discendum</strong></span> <span class='ocrx_word' id='word_1_199' title='bbox 1064 2293 1171 2346; x_wconf 87' lang='lat' dir='ltr'><strong>est.</strong></span> <span class='ocrx_word' id='word_1_200' title='bbox 1236 2287 1333 2344; x_wconf 93' lang='lat' dir='ltr'><strong>Ad</strong></span> <span class='ocrx_word' id='word_1_201' title='bbox 1350 2286 1477 2345; x_wconf 83' lang='lat' dir='ltr'><strong>haee</strong></span> <span class='ocrx_word' id='word_1_202' title='bbox 1492 2286 1759 2345; x_wconf 86' lang='lat' dir='ltr'><strong>videntur</strong></span> <span class='ocrx_word' id='word_1_203' title='bbox 1778 2293 1964 2346; x_wconf 79' lang='grc' dir='ltr'>πιστοί</span> <span class='ocrx_word' id='word_1_204' title='bbox 1980 2286 2136 2364; x_wconf 87' lang='lat' dir='ltr'><strong>apud</strong></span> <span class='ocrx_word' id='word_1_205' title='bbox 2157 2287 2357 2345; x_wconf 83' lang='lat' dir='ltr'><strong>Persas</strong></span> <span class='ocrx_word' id='word_1_206' title='bbox 2373 2286 2644 2344; x_wconf 81' lang='lat' dir='ltr'><strong>Eunuchi</strong></span> <span class='ocrx_word' id='word_1_207' title='bbox 2660 2285 2916 2364; x_wconf 89' lang='lat' dir='ltr'><strong>quidam,</strong></span> 
     </span>
     <span class='ocr_line' id='line_1_22' title="bbox 710 2377 2920 2455; baseline 0 -20"><span class='ocrx_word' id='word_1_208' title='bbox 710 2377 831 2454; x_wconf 84' lang='lat' dir='ltr'><strong>regi</strong></span> <span class='ocrx_word' id='word_1_209' title='bbox 857 2384 1094 2454; x_wconf 89' lang='lat' dir='ltr'><strong>propter</strong></span> <span class='ocrx_word' id='word_1_210' title='bbox 1118 2377 1290 2435; x_wconf 87' lang='lat' dir='ltr'><strong>fidem</strong></span> <span class='ocrx_word' id='word_1_211' title='bbox 1320 2397 1544 2436; x_wconf 88' lang='lat' dir='ltr'><strong>summo</strong></span> <span class='ocrx_word' id='word_1_212' title='bbox 1569 2377 1631 2435; x_wconf 91' lang='lat' dir='ltr'><strong>in</strong></span> <span class='ocrx_word' id='word_1_213' title='bbox 1657 2377 1862 2455; x_wconf 86' lang='lat' dir='ltr'><strong>pretio.</strong></span> <span class='ocrx_word' id='word_1_214' title='bbox 1945 2377 2175 2436; x_wconf 88' lang='lat' dir='ltr'><strong>Etenim</strong></span> <span class='ocrx_word' id='word_1_215' title='bbox 2208 2378 2364 2454; x_wconf 71' lang='grc' dir='ltr'>παρὰ</span> <span class='ocrx_word' id='word_1_216' title='bbox 2401 2384 2545 2438; x_wconf 88' lang='grc' dir='ltr'>τοῖσι</span> <span class='ocrx_word' id='word_1_217' title='bbox 2571 2377 2920 2453; x_wconf 78' lang='grc' dir='ltr'>βαρβάροισι</span> 
     </span>
     <span class='ocr_line' id='line_1_23' title="bbox 714 2466 2918 2548; baseline 0.001 -24"><span class='ocrx_word' id='word_1_218' title='bbox 714 2466 929 2544; x_wconf 79' lang='lat' dir='ltr'><strong>(inquit</strong></span> <span class='ocrx_word' id='word_1_219' title='bbox 966 2467 1297 2526; x_wconf 77' lang='lat' dir='ltr'><strong>Herodotus</strong></span> <span class='ocrx_word' id='word_1_220' title='bbox 1338 2467 1439 2526; x_wconf 82' lang='lat' dir='ltr'><strong>lib.</strong></span> <span class='ocrx_word' id='word_1_221' title='bbox 1471 2467 1678 2544; x_wconf 84' lang='lat' dir='ltr'>VIII.)</span> <span class='ocrx_word' id='word_1_222' title='bbox 1724 2471 2034 2547; x_wconf 75' lang='grc' dir='ltr'>τιμιώτεροί</span> <span class='ocrx_word' id='word_1_223' title='bbox 2080 2473 2228 2528; x_wconf 78' lang='grc' dir='ltr'>εἰσιν</span> <span class='ocrx_word' id='word_1_224' title='bbox 2277 2471 2330 2528; x_wconf 78' lang='grc' dir='ltr'><strong>οἱ</strong></span> <span class='ocrx_word' id='word_1_225' title='bbox 2374 2473 2652 2548; x_wconf 75' lang='grc' dir='ltr'>Εὗνοῦχοι</span> <span class='ocrx_word' id='word_1_226' title='bbox 2699 2473 2918 2528; x_wconf 77' lang='grc' dir='ltr'>πίστιος</span> 
     </span>
     <span class='ocr_line' id='line_1_24' title="bbox 710 2560 2918 2640; baseline 0 -21"><span class='ocrx_word' id='word_1_227' title='bbox 710 2560 903 2619; x_wconf 77' lang='grc' dir='ltr'>εἵνεκα</span> <span class='ocrx_word' id='word_1_228' title='bbox 947 2564 1042 2629; x_wconf 86' lang='grc' dir='ltr'>τῆς</span> <span class='ocrx_word' id='word_1_229' title='bbox 1083 2561 1267 2631; x_wconf 84' lang='grc' dir='ltr'>πάσης</span> <span class='ocrx_word' id='word_1_230' title='bbox 1308 2562 1421 2619; x_wconf 75' lang='grc' dir='ltr'>τῶν</span> <span class='ocrx_word' id='word_1_231' title='bbox 1466 2562 1774 2639; x_wconf 79' lang='grc' dir='ltr'>ἐνορχὲων.</span> <span class='ocrx_word' id='word_1_232' title='bbox 1859 2560 2032 2629; x_wconf 79' lang='lat' dir='ltr'><strong>Quod</strong></span> <span class='ocrx_word' id='word_1_233' title='bbox 2058 2579 2191 2619; x_wconf 85' lang='lat' dir='ltr'><strong>vero</strong></span> <span class='ocrx_word' id='word_1_234' title='bbox 2219 2560 2359 2621; x_wconf 74' lang='lat' dir='ltr'><strong>tales</strong></span> <span class='ocrx_word' id='word_1_235' title='bbox 2385 2560 2596 2620; x_wconf 80' lang='lat' dir='ltr'><strong>fuerint</strong></span> <span class='ocrx_word' id='word_1_236' title='bbox 2637 2560 2918 2640; x_wconf 82' lang='grc' dir='ltr'>ὀφθαλμοὶ</span> 
     </span>
     <span class='ocr_line' id='line_1_25' title="bbox 706 2650 2921 2732; baseline 0.001 -23"><span class='ocrx_word' id='word_1_237' title='bbox 706 2650 992 2725; x_wconf 77' lang='grc' dir='ltr'>βασιλέως</span> <span class='ocrx_word' id='word_1_238' title='bbox 1020 2652 1093 2709; x_wconf 91' lang='lat' dir='ltr'><strong>ab</strong></span> <span class='ocrx_word' id='word_1_239' title='bbox 1115 2651 1426 2710; x_wconf 88' lang='lat' dir='ltr'><strong>Heliodoro</strong></span> <span class='ocrx_word' id='word_1_240' title='bbox 1449 2651 1656 2711; x_wconf 86' lang='lat' dir='ltr'><strong>diserte</strong></span> <span class='ocrx_word' id='word_1_241' title='bbox 1677 2651 1971 2730; x_wconf 84' lang='lat' dir='ltr'><strong>proditum</strong></span> <span class='ocrx_word' id='word_1_242' title='bbox 1991 2659 2078 2710; x_wconf 85' lang='lat' dir='ltr'><strong>est</strong></span> <span class='ocrx_word' id='word_1_243' title='bbox 2098 2652 2410 2731; x_wconf 84' lang='lat' dir='ltr'><strong>AEthiopic.</strong></span> <span class='ocrx_word' id='word_1_244' title='bbox 2428 2653 2529 2712; x_wconf 92' lang='lat' dir='ltr'><strong>lib.</strong></span> <span class='ocrx_word' id='word_1_245' title='bbox 2550 2653 2728 2712; x_wconf 87' lang='lat' dir='ltr'>VIII.</span> <span class='ocrx_word' id='word_1_246' title='bbox 2774 2658 2921 2732; x_wconf 80' lang='grc' dir='ltr'>Περ-</span> 
     </span>
     <span class='ocr_line' id='line_1_26' title="bbox 712 2741 2914 2823; baseline 0.001 -21"><span class='ocrx_word' id='word_1_247' title='bbox 712 2749 826 2803; x_wconf 78' lang='grc' dir='ltr'><strong>σῶν</strong></span> <span class='ocrx_word' id='word_1_248' title='bbox 873 2741 983 2818; x_wconf 79' lang='grc' dir='ltr'><strong>γὰρ</strong></span> <span class='ocrx_word' id='word_1_249' title='bbox 1023 2742 1353 2816; x_wconf 73' lang='grc' dir='ltr'>βασιλείαις</span> <span class='ocrx_word' id='word_1_250' title='bbox 1389 2748 1592 2803; x_wconf 68' lang='grc' dir='ltr'>αὐλαῖς</span> <span class='ocrx_word' id='word_1_251' title='bbox 1628 2744 1911 2823; x_wconf 80' lang='grc' dir='ltr'>ὀφθαλμοὶ</span> <span class='ocrx_word' id='word_1_252' title='bbox 1949 2748 2038 2802; x_wconf 74' lang='grc' dir='ltr'><strong>καὶ</strong></span> <span class='ocrx_word' id='word_1_253' title='bbox 2077 2748 2262 2813; x_wconf 77' lang='grc' dir='ltr'>ἀκοαί,</span> <span class='ocrx_word' id='word_1_254' title='bbox 2291 2745 2353 2804; x_wconf 82' lang='grc' dir='ltr'><strong>τὸ</strong></span> <span class='ocrx_word' id='word_1_255' title='bbox 2395 2746 2686 2823; x_wconf 75' lang='grc' dir='ltr'>εὐνοὺχων</span> <span class='ocrx_word' id='word_1_256' title='bbox 2725 2751 2914 2820; x_wconf 80' lang='grc' dir='ltr'>γένος.</span> 
     </span>
     <span class='ocr_line' id='line_1_27' title="bbox 708 2835 2917 2916; baseline 0.001 -21"><span class='ocrx_word' id='word_1_257' title='bbox 708 2839 773 2895; x_wconf 79' lang='grc' dir='ltr'><strong>οὒ</strong></span> <span class='ocrx_word' id='word_1_258' title='bbox 819 2835 1037 2894; x_wconf 82' lang='grc' dir='ltr'>παίδων</span> <span class='ocrx_word' id='word_1_259' title='bbox 1080 2840 1145 2894; x_wconf 74' lang='grc' dir='ltr'><strong>οὔ</strong></span> <span class='ocrx_word' id='word_1_260' title='bbox 1188 2841 1533 2911; x_wconf 71' lang='grc' dir='ltr'>συγγενείας</span> <span class='ocrx_word' id='word_1_261' title='bbox 1576 2836 1640 2895; x_wconf 82' lang='grc' dir='ltr'><strong>τὸ</strong></span> <span class='ocrx_word' id='word_1_262' title='bbox 1685 2836 1887 2895; x_wconf 83' lang='grc' dir='ltr'>πιστὸν</span> <span class='ocrx_word' id='word_1_263' title='bbox 1921 2840 2015 2905; x_wconf 77' lang='grc' dir='ltr'>τῆς</span> <span class='ocrx_word' id='word_1_264' title='bbox 2059 2839 2278 2894; x_wconf 74' lang='grc' dir='ltr'>εὐνοίας</span> <span class='ocrx_word' id='word_1_265' title='bbox 2317 2840 2711 2916; x_wconf 81' lang='grc' dir='ltr'>μετασπὼσης,</span> <span class='ocrx_word' id='word_1_266' title='bbox 2755 2838 2917 2897; x_wconf 64' lang='grc' dir='ltr'><strong>ἀλλὰ</strong></span> 
     </span>
     <span class='ocr_line' id='line_1_28' title="bbox 705 2926 2916 3006; baseline 0.002 -22"><span class='ocrx_word' id='word_1_267' title='bbox 705 2932 884 3004; x_wconf 77' lang='grc' dir='ltr'>μόνον</span> <span class='ocrx_word' id='word_1_268' title='bbox 939 2931 1036 2987; x_wconf 79' lang='grc' dir='ltr'><strong>τοῦ</strong></span> <span class='ocrx_word' id='word_1_269' title='bbox 1091 2928 1497 2986; x_wconf 69' lang='grc' dir='ltr'>πιστεύσαντος</span> <span class='ocrx_word' id='word_1_270' title='bbox 1550 2929 1900 3003; x_wconf 79' lang='grc' dir='ltr'>ἀναρτώσης.</span> <span class='ocrx_word' id='word_1_271' title='bbox 1983 2926 2156 2985; x_wconf 84' lang='lat' dir='ltr'><strong>Enim</strong></span> <span class='ocrx_word' id='word_1_272' title='bbox 2197 2946 2330 2987; x_wconf 84' lang='lat' dir='ltr'><strong>vero</strong></span> <span class='ocrx_word' id='word_1_273' title='bbox 2376 2929 2525 3006; x_wconf 84' lang='lat' dir='ltr'><strong>regis</strong></span> <span class='ocrx_word' id='word_1_274' title='bbox 2571 2929 2723 2988; x_wconf 86' lang='lat' dir='ltr'><strong>oculi</strong></span> <span class='ocrx_word' id='word_1_275' title='bbox 2765 2929 2916 2989; x_wconf 79' lang='lat' dir='ltr'><strong>inter</strong></span> 
     </span>
     <span class='ocr_line' id='line_1_29' title="bbox 709 3017 2915 3098; baseline 0.001 -21"><span class='ocrx_word' id='word_1_276' title='bbox 709 3026 965 3095; x_wconf 83' lang='lat' dir='ltr'><strong>satrapas</strong></span> <span class='ocrx_word' id='word_1_277' title='bbox 991 3018 1153 3095; x_wconf 85' lang='lat' dir='ltr'><strong>regni</strong></span> <span class='ocrx_word' id='word_1_278' title='bbox 1182 3018 1393 3077; x_wconf 89' lang='lat' dir='ltr'><strong>Persici</strong></span> <span class='ocrx_word' id='word_1_279' title='bbox 1419 3026 1811 3078; x_wconf 85' lang='lat' dir='ltr'><strong>numerantur.</strong></span> <span class='ocrx_word' id='word_1_280' title='bbox 1897 3017 2238 3077; x_wconf 83' lang='lat' dir='ltr'><strong>Scholiastes</strong></span> <span class='ocrx_word' id='word_1_281' title='bbox 2279 3019 2354 3078; x_wconf 90' lang='lat' dir='ltr'><strong>ad</strong></span> <span class='ocrx_word' id='word_1_282' title='bbox 2391 3019 2537 3077; x_wconf 86' lang='lat' dir='ltr'><strong>illud</strong></span> <span class='ocrx_word' id='word_1_283' title='bbox 2574 3019 2915 3098; x_wconf 82' lang='lat' dir='ltr'><strong>Aristopha-</strong></span> 
     </span>
     <span class='ocr_line' id='line_1_30' title="bbox 708 3106 2915 3185; baseline 0.003 -20"><span class='ocrx_word' id='word_1_284' title='bbox 708 3108 797 3166; x_wconf 87' lang='lat' dir='ltr'><strong>nis</strong></span> <span class='ocrx_word' id='word_1_285' title='bbox 834 3108 895 3165; x_wconf 83' lang='lat' dir='ltr'><strong>in</strong></span> <span class='ocrx_word' id='word_1_286' title='bbox 919 3106 1175 3165; x_wconf 70' lang='lat' dir='ltr'><strong>Acharn.</strong></span> <span class='ocrx_word' id='word_1_287' title='bbox 1220 3112 1310 3166; x_wconf 85' lang='grc' dir='ltr'><strong>καὶ</strong></span> <span class='ocrx_word' id='word_1_288' title='bbox 1356 3112 1462 3167; x_wconf 80' lang='grc' dir='ltr'><strong>νῦν</strong></span> <span class='ocrx_word' id='word_1_289' title='bbox 1506 3113 1747 3183; x_wconf 82' lang='grc' dir='ltr'>ἄγοντες</span> <span class='ocrx_word' id='word_1_290' title='bbox 1784 3114 1990 3185; x_wconf 77' lang='grc' dir='ltr'>ἥκομεν</span> <span class='ocrx_word' id='word_1_291' title='bbox 2035 3109 2442 3185; x_wconf 78' lang='grc' dir='ltr'>ψευδαρτάβαν</span> <span class='ocrx_word' id='word_1_292' title='bbox 2477 3111 2594 3168; x_wconf 80' lang='grc' dir='ltr'>Τὸν</span> <span class='ocrx_word' id='word_1_293' title='bbox 2627 3110 2915 3185; x_wconf 82' lang='grc' dir='ltr'>βασιλέως</span> 
     </span>
     <span class='ocr_line' id='line_1_31' title="bbox 706 3197 2912 3279; baseline 0.001 -21"><span class='ocrx_word' id='word_1_294' title='bbox 706 3197 1258 3277; x_wconf 78' lang='grc' dir='ltr'>ὀφθαλμόν’-οῧτω</span> <span class='ocrx_word' id='word_1_295' title='bbox 1305 3201 1565 3268; x_wconf 76' lang='grc' dir='ltr'>ἐκάλουν,</span> <span class='ocrx_word' id='word_1_296' title='bbox 1619 3199 1826 3277; x_wconf 81' lang='lat' dir='ltr'><strong>inquit,</strong></span> <span class='ocrx_word' id='word_1_297' title='bbox 1873 3198 1993 3259; x_wconf 67' lang='grc' dir='ltr'>τοὺς</span> <span class='ocrx_word' id='word_1_298' title='bbox 2039 3203 2358 3279; x_wconf 85' lang='grc' dir='ltr'>Σατράπας,</span> <span class='ocrx_word' id='word_1_299' title='bbox 2408 3203 2475 3261; x_wconf 77' lang='grc' dir='ltr'><strong>δι’</strong></span> <span class='ocrx_word' id='word_1_300' title='bbox 2517 3199 2595 3261; x_wconf 73' lang='grc' dir='ltr'>ὦν</span> <span class='ocrx_word' id='word_1_301' title='bbox 2641 3202 2834 3261; x_wconf 71' lang='grc' dir='ltr'>πάντα</span> <span class='ocrx_word' id='word_1_302' title='bbox 2881 3205 2912 3261; x_wconf 82' lang='grc' dir='ltr'><strong><em>ὁ</em></strong></span> 
     </span>
     <span class='ocr_line' id='line_1_32' title="bbox 704 3290 2911 3370; baseline 0.002 -20"><span class='ocrx_word' id='word_1_303' title='bbox 704 3290 983 3364; x_wconf 74' lang='grc' dir='ltr'>βασιλεὺς</span> <span class='ocrx_word' id='word_1_304' title='bbox 1036 3292 1350 3363; x_wconf 75' lang='grc' dir='ltr'>ἐπεσκόπει,</span> <span class='ocrx_word' id='word_1_305' title='bbox 1400 3310 1570 3370; x_wconf 90' lang='lat' dir='ltr'><strong>quem</strong></span> <span class='ocrx_word' id='word_1_306' title='bbox 1617 3291 1967 3369; x_wconf 85' lang='lat' dir='ltr'><strong>exscriptum</strong></span> <span class='ocrx_word' id='word_1_307' title='bbox 2017 3311 2176 3351; x_wconf 88' lang='lat' dir='ltr'><strong>more</strong></span> <span class='ocrx_word' id='word_1_308' title='bbox 2229 3311 2332 3351; x_wconf 87' lang='lat' dir='ltr'><strong>suo</strong></span> <span class='ocrx_word' id='word_1_309' title='bbox 2377 3293 2554 3351; x_wconf 86' lang='lat' dir='ltr'><strong>tradit</strong></span> <span class='ocrx_word' id='word_1_310' title='bbox 2602 3294 2805 3353; x_wconf 85' lang='lat' dir='ltr'><strong>Suidas</strong></span> <span class='ocrx_word' id='word_1_311' title='bbox 2850 3294 2911 3354; x_wconf 90' lang='lat' dir='ltr'><strong>in</strong></span> 
     </span>
     <span class='ocr_line' id='line_1_33' title="bbox 704 3381 2912 3464; baseline 0 -21"><span class='ocrx_word' id='word_1_312' title='bbox 704 3388 992 3464; x_wconf 83' lang='grc' dir='ltr'>ὀφθαλμὸς</span> <span class='ocrx_word' id='word_1_313' title='bbox 1016 3383 1325 3458; x_wconf 83' lang='grc' dir='ltr'>βασιλέως.</span> <span class='ocrx_word' id='word_1_314' title='bbox 1410 3383 1503 3443; x_wconf 88' lang='lat' dir='ltr'><strong>Sic</strong></span> <span class='ocrx_word' id='word_1_315' title='bbox 1530 3391 1587 3442; x_wconf 86' lang='lat' dir='ltr'><strong>et</strong></span> <span class='ocrx_word' id='word_1_316' title='bbox 1616 3382 1997 3441; x_wconf 85' lang='lat' dir='ltr'><strong>Philostratus</strong></span> <span class='ocrx_word' id='word_1_317' title='bbox 2022 3381 2084 3441; x_wconf 92' lang='lat' dir='ltr'><strong>in</strong></span> <span class='ocrx_word' id='word_1_318' title='bbox 2110 3383 2229 3441; x_wconf 84' lang='lat' dir='ltr'><strong>vita</strong></span> <span class='ocrx_word' id='word_1_319' title='bbox 2252 3384 2563 3461; x_wconf 91' lang='lat' dir='ltr'><strong>Apollonii,</strong></span> <span class='ocrx_word' id='word_1_320' title='bbox 2583 3384 2686 3443; x_wconf 91' lang='lat' dir='ltr'><strong>lib.</strong></span> <span class='ocrx_word' id='word_1_321' title='bbox 2707 3385 2760 3443; x_wconf 94' lang='grc' dir='ltr'><strong>Ι.</strong></span> <span class='ocrx_word' id='word_1_322' title='bbox 2811 3411 2912 3445; x_wconf 86' lang='grc' dir='ltr'>σα-</span> 
     </span>
     <span class='ocr_line' id='line_1_34' title="bbox 707 3472 2906 3557; baseline 0.001 -23"><span class='ocrx_word' id='word_1_323' title='bbox 707 3477 915 3552; x_wconf 79' lang='grc' dir='ltr'>τράπης</span> <span class='ocrx_word' id='word_1_324' title='bbox 958 3475 1020 3534; x_wconf 80' lang='grc' dir='ltr'><strong>δὲ</strong></span> <span class='ocrx_word' id='word_1_325' title='bbox 1059 3480 1127 3557; x_wconf 77' lang='grc' dir='ltr'><strong>τῇ</strong></span> <span class='ocrx_word' id='word_1_326' title='bbox 1161 3478 1375 3552; x_wconf 76' lang='grc' dir='ltr'>φρουρᾷ</span> <span class='ocrx_word' id='word_1_327' title='bbox 1410 3475 1580 3554; x_wconf 74' lang='grc' dir='ltr'>ταύτῃ</span> <span class='ocrx_word' id='word_1_328' title='bbox 1622 3476 1897 3543; x_wconf 68' lang='grc' dir='ltr'>ἐτέτακτο,</span> <span class='ocrx_word' id='word_1_329' title='bbox 1925 3472 2218 3546; x_wconf 80' lang='grc' dir='ltr'>βασιλέως</span> <span class='ocrx_word' id='word_1_330' title='bbox 2252 3499 2332 3533; x_wconf 92' lang='grc' dir='ltr'>τις</span> <span class='ocrx_word' id='word_1_331' title='bbox 2363 3475 2516 3552; x_wconf 78' lang='grc' dir='ltr'>οἶμαι</span> <span class='ocrx_word' id='word_1_332' title='bbox 2553 3475 2906 3553; x_wconf 86' lang='grc' dir='ltr'>ὀφθαλμός.”</span> 
     </span>
     <span class='ocr_line' id='line_1_35' title="bbox 709 3563 2912 3653; baseline 0.002 -29"><span class='ocrx_word' id='word_1_333' title='bbox 709 3566 1095 3625; x_wconf 71' lang='lat' dir='ltr'>STANLEIUS.</span> <span class='ocrx_word' id='word_1_334' title='bbox 1180 3566 1293 3624; x_wconf 92' lang='lat' dir='ltr'><strong>Dio</strong></span> <span class='ocrx_word' id='word_1_335' title='bbox 1327 3565 1628 3645; x_wconf 86' lang='lat' dir='ltr'><strong>Chrysost.</strong></span> <span class='ocrx_word' id='word_1_336' title='bbox 1661 3565 1714 3623; x_wconf 95' lang='lat' dir='ltr'><strong>I.</strong></span> <span class='ocrx_word' id='word_1_337' title='bbox 1756 3584 1817 3642; x_wconf 91' lang='lat' dir='ltr'><strong>p.</strong></span> <span class='ocrx_word' id='word_1_338' title='bbox 1858 3568 1956 3623; x_wconf 90' lang='grc'><strong>54.</strong></span> <span class='ocrx_word' id='word_1_339' title='bbox 1996 3563 2087 3622; x_wconf 89' lang='lat' dir='ltr'><strong>ed.</strong></span> <span class='ocrx_word' id='word_1_340' title='bbox 2119 3564 2315 3624; x_wconf 85' lang='lat' dir='ltr'><strong>Reisk.</strong></span> <span class='ocrx_word' id='word_1_341' title='bbox 2359 3567 2598 3627; x_wconf 84' lang='grc' dir='ltr'>ὁπόσους</span> <span class='ocrx_word' id='word_1_342' title='bbox 2637 3571 2713 3627; x_wconf 76' lang='grc' dir='ltr'>ἄν</span> <span class='ocrx_word' id='word_1_343' title='bbox 2752 3593 2832 3628; x_wconf 80' lang='grc' dir='ltr'>τις</span> <span class='ocrx_word' id='word_1_344' title='bbox 2873 3566 2912 3653; x_wconf 74' lang='grc' dir='ltr'><em>ᾖ</em></span> 
     </span>
     <span class='ocr_line' id='line_1_36' title="bbox 708 3656 2912 3739; baseline 0.002 -22"><span class='ocrx_word' id='word_1_345' title='bbox 708 3664 1036 3733; x_wconf 78' lang='grc' dir='ltr'>κεκτημένος</span> <span class='ocrx_word' id='word_1_346' title='bbox 1065 3659 1331 3733; x_wconf 81' lang='grc' dir='ltr'>ἑταίρους,</span> <span class='ocrx_word' id='word_1_347' title='bbox 1362 3658 1638 3717; x_wconf 76' lang='grc' dir='ltr'>τοσούτοις</span> <span class='ocrx_word' id='word_1_348' title='bbox 1671 3658 1780 3736; x_wconf 81' lang='grc' dir='ltr'>μὲν</span> <span class='ocrx_word' id='word_1_349' title='bbox 1805 3660 2134 3737; x_wconf 84' lang='grc' dir='ltr'>ὀφθαλμοῖς,</span> <span class='ocrx_word' id='word_1_350' title='bbox 2165 3660 2204 3714; x_wconf 83' lang='grc' dir='ltr'>ἃ</span> <span class='ocrx_word' id='word_1_351' title='bbox 2238 3656 2532 3732; x_wconf 73' lang='grc' dir='ltr'>βούλεται,</span> <span class='ocrx_word' id='word_1_352' title='bbox 2561 3663 2681 3739; x_wconf 76' lang='grc' dir='ltr'>ὁρᾷ,</span> <span class='ocrx_word' id='word_1_353' title='bbox 2711 3664 2912 3721; x_wconf 76' lang='grc' dir='ltr'>τοο-αὗ-</span> 
     </span>
     <span class='ocr_line' id='line_1_37' title="bbox 710 3747 1595 3817; baseline 0 -12"><span class='ocrx_word' id='word_1_354' title='bbox 710 3772 828 3806; x_wconf 90' lang='grc' dir='ltr'>ταις</span> <span class='ocrx_word' id='word_1_355' title='bbox 856 3747 919 3806; x_wconf 80' lang='grc' dir='ltr'><strong>δὲ</strong></span> <span class='ocrx_word' id='word_1_356' title='bbox 944 3751 1155 3815; x_wconf 78' lang='grc' dir='ltr'>ἀκοαῖς,</span> <span class='ocrx_word' id='word_1_357' title='bbox 1187 3752 1226 3805; x_wconf 84' lang='grc' dir='ltr'><strong>ἃ</strong></span> <span class='ocrx_word' id='word_1_358' title='bbox 1254 3748 1358 3817; x_wconf 84' lang='grc' dir='ltr'>δεῖ,</span> <span class='ocrx_word' id='word_1_359' title='bbox 1388 3749 1595 3807; x_wconf 73' lang='grc' dir='ltr'>ἀκούει.</span> 
     </span>
    </p>
   </div>
   <div class='ocr_carea' id='block_1_3' title="bbox 704 3860 2910 4057">
    <p class='ocr_par' dir='ltr' id='par_1_3' title="bbox 704 3860 2910 4057">
     <span class='ocr_line' id='line_1_38' title="bbox 792 3860 2907 3970; baseline 0.004 -25"><span class='ocrx_word' id='word_1_360' title='bbox 792 3890 928 3952; x_wconf 88' lang='grc'><strong><em>974.</em></strong></span> <span class='ocrx_word' id='word_1_361' title='bbox 986 3860 1539 3965; x_wconf 54' lang='grc' dir='ltr'><strong>λ““Πεμ.·11··ασ“1·ή9.</strong></span> <span class='ocrx_word' id='word_1_362' title='bbox 1629 3889 1747 3956; x_wconf 76' lang='lat' dir='ltr'><strong>Qui</strong></span> <span class='ocrx_word' id='word_1_363' title='bbox 1785 3896 2068 3949; x_wconf 78' lang='lat' dir='ltr'><strong>numerat.</strong></span> <span class='ocrx_word' id='word_1_364' title='bbox 2149 3890 2390 3949; x_wconf 85' lang='lat' dir='ltr'><strong>Homer.</strong></span> <span class='ocrx_word' id='word_1_365' title='bbox 2421 3890 2633 3970; x_wconf 86' lang='lat' dir='ltr'><strong>Odyss.</strong></span> <span class='ocrx_word' id='word_1_366' title='bbox 2663 3898 2734 3951; x_wconf 93' lang='grc' dir='ltr'><strong>Δ.</strong></span> <span class='ocrx_word' id='word_1_367' title='bbox 2764 3897 2907 3956; x_wconf 85' lang='grc'><strong>412.</strong></span> 
     </span>
     <span class='ocr_line' id='line_1_39' title="bbox 704 3973 2910 4057; baseline 0.003 -22"><span class='ocrx_word' id='word_1_368' title='bbox 704 3973 886 4054; x_wconf 74' lang='grc' dir='ltr'>αὖταρ</span> <span class='ocrx_word' id='word_1_369' title='bbox 940 3978 1083 4046; x_wconf 79' lang='grc' dir='ltr'>ἐπὴν</span> <span class='ocrx_word' id='word_1_370' title='bbox 1134 3976 1322 4034; x_wconf 77' lang='grc' dir='ltr'>πάσας</span> <span class='ocrx_word' id='word_1_371' title='bbox 1372 3976 1791 4054; x_wconf 84' lang='grc' dir='ltr'>πεμπάσσεται,</span> <span class='ocrx_word' id='word_1_372' title='bbox 1832 3978 1934 4047; x_wconf 79' lang='grc' dir='ltr'><strong>ἠδὲ</strong></span> <span class='ocrx_word' id='word_1_373' title='bbox 1979 3976 2225 4048; x_wconf 81' lang='grc' dir='ltr'>Ρίδηται,</span> <span class='ocrx_word' id='word_1_374' title='bbox 2283 3978 2356 4036; x_wconf 83' lang='lat' dir='ltr'><strong>de</strong></span> <span class='ocrx_word' id='word_1_375' title='bbox 2410 3977 2636 4048; x_wconf 78' lang='lat' dir='ltr'><strong>ProteO,</strong></span> <span class='ocrx_word' id='word_1_376' title='bbox 2691 3980 2910 4057; x_wconf 75' lang='lat' dir='ltr'><strong>phocas</strong></span> 
     </span>
    </p>
   </div>
   <div class='ocr_carea' id='block_1_4' title="bbox 708 4228 2916 4491">
    <p class='ocr_par' dir='ltr' id='par_1_4' title="bbox 708 4228 2916 4491">
     <span class='ocr_line' id='line_1_40' title="bbox 792 4228 2913 4310; baseline 0.002 -21"><span class='ocrx_word' id='word_1_377' title='bbox 792 4232 827 4269; x_wconf 76' lang='lat'><strong>’¹‘</strong></span> <span class='ocrx_word' id='word_1_378' title='bbox 872 4231 1087 4290; x_wconf 89' lang='lat' dir='ltr'><strong>Verum</strong></span> <span class='ocrx_word' id='word_1_379' title='bbox 1113 4230 1193 4290; x_wconf 86' lang='lat' dir='ltr'><strong>ibi</strong></span> <span class='ocrx_word' id='word_1_380' title='bbox 1220 4228 1545 4308; x_wconf 89' lang='lat' dir='ltr'><strong>Xenophon</strong></span> <span class='ocrx_word' id='word_1_381' title='bbox 1571 4229 1754 4307; x_wconf 81' lang='lat' dir='ltr'><strong>magis</strong></span> <span class='ocrx_word' id='word_1_382' title='bbox 1780 4229 1918 4307; x_wconf 90' lang='lat' dir='ltr'><strong>quid</strong></span> <span class='ocrx_word' id='word_1_383' title='bbox 1943 4229 2147 4290; x_wconf 86' lang='lat' dir='ltr'><strong>melius</strong></span> <span class='ocrx_word' id='word_1_384' title='bbox 2172 4231 2258 4300; x_wconf 90' lang='lat' dir='ltr'><strong>fit,</strong></span> <span class='ocrx_word' id='word_1_385' title='bbox 2289 4251 2462 4309; x_wconf 89' lang='lat' dir='ltr'><strong>quam</strong></span> <span class='ocrx_word' id='word_1_386' title='bbox 2503 4231 2643 4310; x_wconf 91' lang='lat' dir='ltr'><strong>quid</strong></span> <span class='ocrx_word' id='word_1_387' title='bbox 2669 4234 2792 4292; x_wconf 87' lang='lat' dir='ltr'><strong>fieri</strong></span> <span class='ocrx_word' id='word_1_388' title='bbox 2823 4254 2913 4293; x_wconf 87' lang='lat' dir='ltr'><strong>so-</strong></span> 
     </span>
     <span class='ocr_line' id='line_1_41' title="bbox 708 4320 2916 4402; baseline 0.002 -22"><span class='ocrx_word' id='word_1_389' title='bbox 708 4323 841 4391; x_wconf 86' lang='lat' dir='ltr'><strong>leat,</strong></span> <span class='ocrx_word' id='word_1_390' title='bbox 884 4322 1136 4399; x_wconf 86' lang='lat' dir='ltr'><strong>exponit,</strong></span> <span class='ocrx_word' id='word_1_391' title='bbox 1178 4322 1522 4400; x_wconf 90' lang='lat' dir='ltr'><strong>omninoque</strong></span> <span class='ocrx_word' id='word_1_392' title='bbox 1561 4320 1746 4399; x_wconf 77' lang='lat' dir='ltr'><strong>magis</strong></span> <span class='ocrx_word' id='word_1_393' title='bbox 1783 4321 2054 4381; x_wconf 90' lang='lat' dir='ltr'><strong>monendi</strong></span> <span class='ocrx_word' id='word_1_394' title='bbox 2091 4321 2366 4400; x_wconf 83' lang='lat' dir='ltr'><strong>principis</strong></span> <span class='ocrx_word' id='word_1_395' title='bbox 2405 4342 2593 4394; x_wconf 83' lang='lat' dir='ltr'><strong>causa,</strong></span> <span class='ocrx_word' id='word_1_396' title='bbox 2623 4344 2798 4402; x_wconf 84' lang='lat' dir='ltr'><strong>quam</strong></span> <span class='ocrx_word' id='word_1_397' title='bbox 2835 4325 2916 4385; x_wconf 87' lang='lat' dir='ltr'><strong>ad</strong></span> 
     </span>
     <span class='ocr_line' id='line_1_42' title="bbox 711 4412 2194 4491; baseline 0 -20"><span class='ocrx_word' id='word_1_398' title='bbox 711 4412 967 4472; x_wconf 80' lang='lat' dir='ltr'><strong>historiae</strong></span> <span class='ocrx_word' id='word_1_399' title='bbox 994 4412 1289 4473; x_wconf 80' lang='lat' dir='ltr'><strong>veritatem</strong></span> <span class='ocrx_word' id='word_1_400' title='bbox 1316 4414 1607 4491; x_wconf 88' lang='lat' dir='ltr'><strong>disputare</strong></span> <span class='ocrx_word' id='word_1_401' title='bbox 1632 4412 1878 4471; x_wconf 86' lang='lat' dir='ltr'><strong>videtur.</strong></span> <span class='ocrx_word' id='word_1_402' title='bbox 1959 4414 2194 4473; x_wconf 71' lang='lat' dir='ltr'><strong>Schutz.</strong></span> 
     </span>
    </p>
   </div>
  </div>
 </body>
</html>
