3282 5193
1274 397 1656 471 ΠΕΡΣΑῙ
1669 453 1685 469 .

2528 394 2635 465 43

781 584 1154 692 ἐ’ῤῥανται·
1238 582 1461 665 στένε
1521 589 1641 665 καὶ
1701 583 1972 665 δακνά·-

890 713 1049 817 ζου,
1112 708 1313 815 βαρὺ
1373 712 1437 792 δ’
1480 709 1883 811 ἀμβόασον

1005 838 1285 944 οὐράνι’
1329 834 1507 945 ἄχη,
1568 837 1688 938 ὀά,

778 976 973 1049 τεῖνε
1032 966 1113 1048 δὲ
1172 965 1660 1061 δυσβάῦκτον
1716 966 1937 1064 βοάν,
1997 965 2135 1047 τὰν

2479 979 2637 1046 580

1004 1093 1371 1175 τάλαιναν
1432 1092 1692 1174 αὐδάν.

783 1220 1289 1325 γναπτόμενοι
1349 1223 1409 1302 δ’
1452 1225 1582 1301 ἁλὶ
1621 1218 1851 1317 δεινά,
1895 1226 2067 1325 φεῦ,

2298 1222 2456 1300 ἀντ.
2498 1217 2600 1315 β’.

786 1349 1256 1431 σκύλλονται
1313 1347 1503 1453 πρὸς
1560 1347 1933 1443 ἀναύδων,
1993 1343 2107 1446 ἠέ,

786 1481 1076 1558 παίδων
1133 1483 1265 1562 τᾶς
1323 1475 1715 1577 ἀμιάντου,
1777 1478 1895 1555 ὀά.

788 1612 1053 1685 πενθεῖ
1103 1604 1165 1684 δ’
1207 1601 1448 1707 ἄνδρα
1506 1600 1732 1703 δόμος
1791 1637 2063 1705 στερη-

2485 1618 2638 1684 585

902 1734 1078 1829 θείς,
1139 1730 1391 1816 τοκέες
1449 1731 1512 1810 δ’
1555 1725 1867 1815 ἄπαιδες

907 1857 1221 1957 δαιμόνι’
1283 1855 1460 1965 ἄχη,
1516 1856 1634 1955 ὀά,

734 1984 1129 2090 δυρόμενοι
1185 1987 1560 2089 γέροντες,
1623 1983 1711 2065 τὸ
1768 1993 1922 2064 πᾶν
1980 1983 2072 2084 δὴ

1023 2111 1395 2194 κλύουσιν
1452 2107 1719 2214 ἄλγος.

281 2386 291 2390 “
342 2375 622 2448 Κεχρείας
672 2369 867 2428 Viteb.

342 2450 478 2509 vid.
510 2447 885 2508 Glossarium.

426 2531 563 2592 577.
606 2528 822 2586 Vocem
866 2529 1127 2608 ἔῤῥανται
1170 2549 1239 2588 ex
1279 2547 1449 2588 versu

344 2611 483 2669 585.
524 2608 801 2686 praeclara
825 2608 1168 2667 correctione
1202 2609 1318 2667 huc
1359 2628 1446 2667 re-

342 2687 565 2747 vocavit
622 2688 1006 2756 Hel-mannus,
1060 2687 1122 2745 in
1170 2688 1449 2745 Disserta-

344 2767 496 2825 tione
537 2766 609 2824 de
661 2767 917 2825 versibus
965 2786 1058 2843 ap.
1108 2766 1447 2843 AEschylum

346 2845 553 2923 spuriis
578 2866 639 2923 p.
668 2845 786 2904 viii.
872 2844 985 2903 Sed
1012 2865 1191 2922 quum
1218 2865 1329 2902 vox
1356 2863 1448 2902 su-

346 2932 541 3003 specta
566 2923 656 2991 sit,
685 2924 877 2982 forsan
910 2924 1216 3002 legendum
1264 2926 1449 3003 ἔρῤον-

349 3029 460 3064 τες.
544 3002 705 3061 Infra
727 3007 863 3064 954.
904 3006 1451 3082 ἔλιπον-ἔῤῥοντας

352 3086 441 3141 ἐπ’
480 3086 668 3141 ἀκταῖς
712 3089 1123 3161 Σαλαμινίασι.
1223 3085 1301 3142 Et
1340 3085 1453 3142 hoc

348 3182 545 3298 yerssm
590 3168 755 3239 put0.
839 3164 983 3223 Mox
1010 3165 1279 3242 δακρύζου
1304 3184 1361 3222 v.
1399 3167 1451 3221 1.

348 3261 411 3299 m
496 3284 511 3299 .

431 3322 569 3383 578.
611 3320 912 3396 ἀμβὸησον
937 3321 1074 3379 Ald.
1104 3322 1285 3379 Turn.

431 3402 569 3458 580.
614 3400 962 3474 δυσβάυκτον
998 3399 1138 3455 Ald.
1221 3394 1457 3470 δυσβάῖ·

352 3502 481 3537 κτον
511 3477 661 3535 Rob.

429 3557 588 3613 Ibid.
631 3554 833 3628 βοάτιν
864 3551 1002 3610 Ald.
1045 3552 1195 3611 Rob.
1260 3551 1461 3627 βοᾶτιν

353 3635 488 3694 edd.
532 3632 769 3711 reliquae
809 3639 868 3691 et
908 3632 1243 3693 Scholiasta.
1348 3630 1461 3691 Sed

350 3715 467 3790 βοᾶ
507 3716 607 3783 τὴν
641 3710 833 3771 Viteb.
872 3767 884 3785 Γ
914 3711 1068 3787 βοὰν
1114 3718 1217 3783 τὴν
1250 3712 1341 3772 Μ.
1400 3714 1457 3770 2.

356 3791 510 3873 quod
536 3792 924 3870 reponendum
944 3792 1215 3871 judicavi.

243 3920 246 3923 .
421 3874 577 3971 '5823
634 3874 1067 3951 γναμπτόμενοι
1130 3872 1260 3931 edd.
1343 3878 1459 3930 vet.

356 3950 1462 4108 ffisszsszi'fsszzsss‘isslkss..2¹13ssss

356 4129 548 4169 veram
584 4129 706 4169 esse
765 4108 961 4167 docuit
1004 4108 1244 4165 Dorvill.
1290 4108 1461 4165 Misc.

359 4188 501 4248 obs.
542 4189 653 4247 IX.
710 4209 772 4267 p.
827 4190 957 4246 120.
1046 4186 1391 4245 Particulam
1421 4185 1465 4244 δ’

360 4267 637 4327 omittunt
691 4268 828 4326 Ald.
870 4268 1019 4325 Rob.
1120 4266 1264 4323 Mox
1310 4264 1467 4324 δεινὰ

356 4353 615 4409 veterum
640 4347 916 4406 librorum
952 4346 1012 4404 in
1054 4344 1211 4422 δεινᾷ
1259 4352 1469 4422 praeter

360 4426 755 4487 necessitatem
822 4424 1066 4485 mutavit
1121 4423 1464 4501 Stephanus,

360 4504 679 4565 Scholiasta
742 4504 1030 4575 inductus,
1074 4524 1243 4583 quem
1292 4502 1470 4562 secuti

971 2375 1221 2447 Κυπρίας
1290 2369 1442 2428 Rob.

1547 2377 1684 2430 sunt
1709 2367 2068 2427 recentiores.
2130 2368 2221 2428 Sic
2241 2376 2433 2428 tamen
2457 2371 2530 2430 G.
2563 2372 2648 2432 H.

1546 2449 1637 2508 M.
1691 2453 1748 2508 2.
1793 2446 1962 2506 Colb.
2011 2449 2062 2505 1.
2148 2447 2512 2510 constructio
2565 2461 2653 2510 est

1548 2527 1710 2588 δεινά
1767 2527 2121 2598 σκύλλονται,
2189 2528 2297 2599 vel,
2355 2529 2404 2587 si
2455 2530 2652 2601 mavis,

1549 2608 1933 2687 γναπτόμενοι
1960 2608 2142 2668 δεινά.

1628 2692 1769 2749 583.
1813 2692 1944 2763 παρ’
1968 2688 2229 2747 ἀναύδων
2258 2687 2450 2747 Schol.
2481 2696 2566 2760 ἠέ,
2586 2698 2654 2761 ἠέ

1549 2768 1699 2826 Rob.
1733 2766 1807 2824 G.
1841 2767 2035 2825 Guelf.

1628 2847 1767 2904 586.
1811 2850 1998 2915 τοκῆες
2042 2864 2238 2903 omnes
2271 2853 2403 2904 ante
2450 2847 2654 2905 Porso-

1548 2944 1709 2983 num.
1776 2924 1982 2982 Forma
2011 2924 2206 2983 Ionica
2243 2931 2436 2985 τοκέας
2461 2945 2655 2985 occur-

1551 3006 1627 3063 rit
1657 3003 1901 3062 Eumen.
1933 3007 2070 3068 271.

1628 3084 1787 3143 Ibid.
1819 3084 1958 3142 Post
1983 3084 2140 3142 hunc
2154 3102 2381 3144 versum
2401 3083 2659 3165 sequitur

1549 3162 1611 3221 in
1628 3162 1766 3221 Ald.
1797 3171 1854 3221 et
1881 3163 2031 3222 Rob.
2077 3166 2355 3241 ἔῤῥανται.
2405 3174 2462 3223 et
2489 3166 2569 3224 sic
2590 3166 2658 3224 F.

1555 3242 1635 3298 K.
1669 3242 1748 3299 K.
1773 3242 1844 3299 L.
1889 3242 2054 3300 Colb.
2081 3248 2133 3299 1.
2159 3242 2249 3299 M.
2269 3248 2328 3302 2.
2385 3246 2456 3301 In
2476 3244 2656 3302 Turn.

1558 3320 1760 3396 Steph.
1787 3320 2018 3377 Canter.
2051 3322 2317 3396 ἔῤῥανται
2359 3324 2424 3379 ἐν
2465 3322 2658 3397 δάκρυ-

1560 3421 1635 3463 σι,
1695 3415 1835 3473 quas
1878 3395 2107 3471 quidem
2175 3416 2341 3455 voces
2407 3400 2662 3473 agnoscit

1560 3473 1896 3531 Scholiasta.
1968 3474 2041 3531 In
2058 3473 2218 3531 Med.
2243 3475 2400 3533 locus
2427 3475 2510 3533 ita
2531 3495 2661 3534 con-

1558 3551 1786 3653 cipitur?
1811 3555 2000 3622 τοκῆες
2029 3552 2072 3611 δ’
2095 3554 2338 3645 ,ἄπαιδες
2365 3555 2664 3634 ἑρᾶδαινον

1560 3656 1832 3771 ἓῖῆἵοὲἑ·
1863 3632 2250 3792 3232.ssssssssss
2282 3645 2666 3777 {ffi‘ffiss

1559 3793 1714 3851 lectu
1741 3792 2028 3851 difficilem
2054 3794 2250 3854 fuisse.
2335 3796 2469 3856 vid.
2493 3816 2666 3876 supra

1560 3871 1633 3930 ad
1661 3892 1716 3930 v.
1750 3875 1887 3935 577.
1973 3873 2158 3931 Voces
2178 3883 2369 3935 autem
2401 3880 2662 3954 ἔῤῥανται

1564 3954 1630 4009 ἐν
1679 3952 1926 4027 δάκρυσι,
1973 3952 2226 4012 Heathio
2269 3956 2589 4024 obsecutus,
2633 3974 2666 4012 e

1563 4037 1729 4089 textu
1756 4030 2067 4089 eliminavit
2096 4032 2401 4093 Porsonus.

1645 4112 1786 4169 588.
1883 4110 2204 4187 ὀδυρόμενοι
2305 4112 2437 4169 edd.
2535 4118 2667 4168 ante

1565 4187 1820 4255 Brunck.
1890 4189 2025 4247 vid.
2070 4190 2307 4247 Porson.
2351 4189 2425 4246 ad
2467 4188 2663 4267 Eurip.

1565 4267 1793 4325 Hecub.
1831 4269 1964 4328 734.
1996 4273 2053 4324 et
2089 4266 2283 4325 confer
2308 4267 2493 4327 Theb.
2527 4269 2663 4328 653.

1563 4344 1715 4403 infra
1737 4348 1872 4405 935.

1650 4425 1785 4483 589.
1830 4422 2056 4482 κλύουσ’
2095 4422 2247 4484 Rob.
2291 4426 2554 4488 κλύουσιν
2611 4432 2664 4489 ἐς

1568 4504 1749 4577 ἄλγος
1778 4502 1852 4560 G.
1898 4503 2158 4563 κλΰοντες
2177 4524 2234 4563 V.
2267 4508 2318 4564 l.
2339 4504 2400 4565 in
2428 4506 2508 4567 N.
