3282 5193
660 377 846 453 xviii
1109 453 1118 474 ,
1587 400 2022 455 rnAErA'rxo.

658 574 932 671 phanis
986 575 1084 648 ad
1137 576 1398 673 Equit.
1459 578 1629 650 584.
1697 578 1833 674 qui
1887 577 1997 651 ait
2051 576 2435 674 tragicum
2488 577 2809 654 chorum
2866 602 2963 653 ex

662 697 1092 794 quindecim
1158 699 1498 797 personis
1567 701 1938 788 constare,
2009 699 2394 796 additque,
2466 705 2551 779 ὡς
2612 702 2961 799 Αἱσχΰλοο

660 818 1122 916 Ἀγαμέμνονι,
1158 844 1331 917 quae
1363 821 1626 895 fabula
1658 823 1924 896 eodem
1958 822 2081 895 die
2102 845 2268 919 -quo
2293 822 2755 897 Eumenides
2790 827 2960 898 acta

659 943 775 1015 est
804 942 838 1013 P
941 941 1335 1040 Quidquid
1367 944 1458 1017 de
1490 943 1633 1019 hac
1666 967 1750 1017 re
1784 923 2192 1031 statuatur,
2230 947 2528 1018 certum
2560 968 2723 1019 esse
2754 946 2957 1021 vide-

656 1066 812 1151 tur,
842 1065 1285 1163 AEschylum
1307 1066 1458 1141 isto
1483 1091 1707 1154 ann0,
1736 1068 1857 1141 Ol.
1881 1068 2206 1142 LXXX.
2233 1072 2302 1142 2.
2343 1069 2593 1144 solum
2616 1070 2952 1157 vertisse,

657 1188 737 1259 et
782 1186 983 1262 diem
1026 1187 1255 1263 tertio
1300 1189 1506 1286 fugae
1550 1211 1755 1264 anno
1799 1183 2117 1278 obiisse;
2172 1192 2823 1267 consentientibus
2862 1193 2958 1266 -in

654 1309 854 1386 hanc
885 1335 1049 1386 rem
1085 1313 1682 1411 chronographo
1714 1314 2125 1388 Marmoris
2160 1315 2634 1403 oxoniensis,
2666 1317 2953 1392 Scholi-

653 1436 822 1509 asta
841 1436 941 1509 ad
961 1437 1252 1511 Comici
1269 1436 1604 1511 Acharn.
1629 1439 1751 1509 10.
1777 1440 1854 1510 et
1876 1438 2081 1512 Vitae
2102 1438 2441 1516 Auctore
2460 1438 2871 1538 Anonymo
2882 1440 2952 1513 *.

754 1559 902 1633 Sed
932 1561 1297 1656 quoniam
1331 1559 1565 1635 Ohori
1594 1560 1884 1634 mentio
1923 1560 2028 1658 inj
2036 1564 2204 1636 ecta
2243 1564 2382 1650 est,
2417 1562 2782 1637 lectorem
2813 1561 2945 1636 ali-

655 1684 1120 1781 quantulum
1150 1685 1524 1772 morabor,
1551 1685 1737 1757 dum
1768 1707 2019 1757 meam
2055 1684 2148 1759 de
2171 1684 2316 1760 hac
2342 1686 2763 1782 quaestione
2789 1684 2952 1758 sen-

651 1806 979 1880 tentiam
1035 1808 1297 1906 paucis
1352 1808 1747 1882 declarem.
1850 1809 2132 1881 'Potum
2188 1808 2384 1882 illud
2432 1811 2954 1883 commentum

653 1930 747 2003 de
787 1932 1076 2005 terrore
1122 1930 1670 2030 spectatoribus
1719 1931 2023 2027 injecto,
2071 1933 2149 2005 et
2197 1932 2289 2004 de
2332 1930 2501 2030 lege
2544 1932 2697 2005 ista
2744 1954 2950 2006 occa-

651 2051 861 2125 sione
917 2053 1099 2142 lata‚
1155 2053 1649 2152 rejiciendum
1699 2055 1937 2151 puto:
2010 2077 2257 2150 neque
2309 2054 2517 2127 enim
2576 2053 2948 2150 quinqua-

653 2175 870 2272 ginta
921 2176 1179 2250 Furiae
1250 2177 1426 2274 plus
1491 2175 1803 2250 terroris
1869 2175 2365 2249 incussissent
2435 2198 2667 2273 quam
2733 2175 2951 2273 quin-

651 2298 939 2388 decim3
1022 2323 1266 2398 quum
1332 2298 1745 2399 spectaculi
1796 2298 2066 2373 horror
2114 2323 2273 2374 non
2323 2301 2490 2372 tam
2539 2321 2584 2372 6
2629 2322 2951 2373 numero

652 2424 886 2498 Ghori
920 2448 1151 2520 quam
1184 2448 1279 2497 ex
1312 2424 1686 2521 apparatu
1716 2422 2159 2521 penderet†.
2258 2423 2493 2495 Hunc
2517 2424 2777 2497 autem
2798 2424 2950 2496 ter·-

651 2545 953 2619 rificum
981 2546 1217 2620 fuisse
1248 2545 1514 2641 liquet,
1537 2547 1705 2619 tam
1736 2569 1833 2619 ex
1864 2545 2104 2642 ipsius
2131 2545 2391 2619 Poetae
2424 2545 2947 2644 descriptione,

651 2692 887 2766 quam
935 2692 1029 2743 ex
1080 2667 1481 2742 Pausaniae
1529 2668 1697 2741 loco
1750 2668 1816 2740 I.
1864 2692 1937 2766 p.
1979 2671 2097 2741 20.
2136 2669 2251 2742 ed.
2298 2668 2477 2745 Ald.
2556 2677 2821 2766 πρῶτος
2874 2671 2948 2742 δέ

651 2799 882 2890 σφισιν
938 2791 1119 2891 (ταῖς
1172 2791 1539 2888 Εὐμενίσιν)
1597 2790 1945 2890 Αἷσχΰλοο
2000 2794 2371 2887 δράκοντας
2434 2794 2736 2877 ἐποίησεν
2785 2790 2954 2886 ὁμοῦ

735 3070 770 3108 *
815 3070 903 3127 Ι)6
931 3068 1040 3127 hac
1067 3066 1382 3147 quaestione
1408 3066 1576 3145 plura
1600 3065 1736 3125 dedi
1761 3066 1834 3125 ad
1861 3064 2289 3143 Argumentum
2314 3064 2779 3143 Agamemnonis.

729 3165 773 3238 †
815 3162 1010 3230 Quum
1029 3162 1158 3220 haec
1178 3160 1497 3229 scriberem,
1516 3159 1775 3218 nondum
1790 3158 2043 3218 videram
2060 3158 2340 3218 Boeckhii
2362 3158 2433 3216 de
2452 3157 2706 3235 Tragicis
2728 3159 2946 3219 Graecis

649 3259 876 3327 librum,
925 3257 1328 3333 Heidelbergae
1374 3254 1592 3312 editum
1640 3272 1693 3312 a.
1751 3255 1924 3313 1808.
2007 3252 2163 3311 Citat
2205 3252 2301 3311 ille
2343 3252 2625 3330 Bottigeri
2671 3254 2945 3331 scriptum

650 3353 938 3434 quoddam
977 3350 1375 3419 Teutonicum,
1405 3348 1508 3407 ubi
1531 3348 1618 3407 vir
1643 3348 1739 3406 ille
1765 3346 2121 3427 antiquitatis
2146 3347 2382 3425 peritus,
2412 3346 2709 3406 historiam
2738 3347 2807 3405 de
2834 3355 2945 3405 ter-

646 3470 772 3509 rore
799 3450 871 3509 ab
899 3430 1284 3507 Eumenidum
1315 3444 1492 3504 choro
1527 3444 1755 3504 incusso
1780 3442 2007 3503 futilem
2043 3460 2166 3501 esse
2200 3441 2512 3511 contendit,
2543 3442 2677 3520 quia
2701 3440 2945 3501 Athenis

644 3545 908 3603 mulieres
933 3543 1085 3601 ludis
1113 3541 1347 3601 scenicis
1373 3541 1647 3599 adsistere
1671 3559 1788 3599 non
1816 3539 2091 3598 solebant.
2177 3538 2350 3607 Quod
2385 3537 2617 3616 quidem
2650 3555 2770 3594 non
2808 3536 2945 3595 satis

645 3644 906 3697 accurate
946 3634 1060 3692 dici
1098 3634 1416 3691 observavit
1452 3634 1797 3701 Boeckhius,
1825 3632 2107 3709 siquidem
2136 3632 2300 3689 Plato
2332 3632 2539 3709 (Gorg.
2570 3651 2630 3708 p.
2662 3633 2801 3689 502.
2831 3629 2938 3706 D.)

644 3730 860 3809 poesim
889 3726 1255 3785 dramaticam
1282 3731 1449 3783 vocat
1472 3718 1767 3801 ῥητορικήν
1793 3749 1919 3792 τινα
1945 3724 2081 3799 πρὸς
2107 3724 2284 3798 δῆμον
2306 3728 2555 3782 τοιοῦτον
2581 3724 2702 3782 οἷον
2728 3724 2943 3782 παιδῶν

646 3851 707 3886 re
732 3824 872 3903 ὁμοῦ
900 3825 989 3881 καὶ
1019 3826 1304 3895 γυναικῶν
1331 3823 1422 3879 καὶ
1448 3818 1669 3896 ἀνδρῶν
1690 3822 1780 3878 καὶ
1808 3818 2025 3878 δούλων
2053 3820 2141 3875 καὶ
2168 3819 2503 3892 ἐλευθέρων.
2584 3816 2743 3875 Alibi
2770 3818 2940 3877 etiam

642 3920 794 3977 inter
818 3922 1162 3995 spectatores
1188 3913 1485 3992 tragoediae
1510 3920 1877 3972 recensentur
1902 3913 1962 3970 αἱ
1999 3910 2447 3989 πεπαιδευμέναι
2478 3916 2591 3970 τῶν
2633 3920 2937 3987 γυναικῶν.

644 4013 829 4073 Docet
872 4030 978 4069 nos
1024 4008 1428 4086 Aristophanis
1469 4008 1749 4087 interpres
1791 4006 1867 4065 ad
1912 4006 2127 4066 Eccles.
2175 4010 2271 4065 22.
2313 4006 2577 4074 mulieres
2621 4007 2939 4086 impudicas

641 4116 823 4169 certas
850 4104 1126 4186 quasdam
1154 4104 1314 4163 sedes
1339 4104 1466 4181 lege
1501 4101 1764 4160 definitas
1788 4101 2073 4171 habuisse,
2104 4100 2395 4161 decretum
2436 4102 2707 4161 suadente
2749 4100 2937 4179 Sphy-

641 4202 926 4271 romach0‚
963 4201 1049 4261 δεῖ
1094 4198 1190 4258 τᾶς
1238 4200 1461 4275 ἑταίρας
1504 4199 1955 4273 ἑγκαθιζομένας
1995 4200 2218 4256 λαθεῖν.
2301 4196 2457 4255 Mihi
2502 4216 2635 4256 vero
2674 4195 2929 4255 nondum

638 4298 819 4376 liquet
845 4304 1140 4355 matronas
1164 4292 1408 4363 Atticas,
1437 4291 1678 4351 florente
1702 4290 1891 4350 adhuc
1916 4292 2223 4370 republica,
2246 4290 2580 4371 hujusmodi
2598 4290 2932 4369 spectaculis

636 4390 976 4449 interfuisse.
