3282 5193
637 414 787 486 126
1484 430 1988 484 onossAmuu

634 606 777 666 ὅπου
808 605 871 664 τὸ
902 609 997 675 τῆς
1031 607 1166 662 νεὼς
1198 603 1569 682 ἐπιγράφεται
1602 603 1804 680 ὄνομα.
1888 602 1999 661 Per
2028 599 2322 678 Apollonii
2357 603 2546 668 Λέξεις
2577 602 2836 684 intellige

640 700 832 766 ΛὲΕεις
858 696 1175 774 Ὁμηρικός,
1212 693 1365 771 quod
1391 701 1478 752 est
1509 712 1706 752 verum
1735 713 1944 754 nomen
1978 691 2270 770 Apollonii
2297 691 2492 751 Lexici
2520 695 2830 766 Homerici,

637 788 738 847 ubi
758 794 943 846 exstat
962 786 1121 845 locus
1140 804 1311 864 quem
1330 793 1549 862 spectat
1569 785 1798 844 criticus
1817 784 2094 855 erudituS,
2114 804 2174 861 p.
2201 785 2334 842 183.
2353 784 2444 842 ed.
2464 785 2613 844 Tou.
2659 787 2834 848 Plura

639 880 710 940 de
738 882 922 959 στόλῳ
948 877 1139 937 videas
1164 876 1321 954 apud
1348 876 1585 935 Salmas.
1618 876 1865 934 Plinian.
1896 875 2099 934 Exere.
2129 895 2191 952 p.
2220 876 2360 934 403.
2394 875 2468 934 D.

714 1058 855 1120 417.
922 1029 1358 1134 Κόρυμβον.
1398 1055 1607 1111 Proroe
1628 1054 1979 1112 extremitas.
2022 1050 2280 1130 Anglice,
2305 1053 2402 1111 the
2416 1055 2828 1128 Fiyure-loead.

640 1140 898 1219 Hesych.
929 1141 1227 1217 Κόρυμβα.
1272 1142 1363 1198 ὑπ’
1394 1143 1563 1199 ἐνίων
1600 1145 1670 1200 τὰ
1711 1143 1996 1218 ἄφλαστα,
2037 1145 2108 1198 τὰ
2142 1143 2502 1216 ἀκροστόλια.
2587 1141 2828 1200 Homer.

639 1230 807 1290 Iliad.
837 1233 889 1290 I.
922 1236 1059 1291 241.
1104 1236 1339 1292 Στεῦται
1367 1237 1479 1310 γὰρ
1509 1235 1662 1302 νῆων
1687 1231 2000 1306 ἀποκόψειν
2028 1229 2173 1308 ἅκρα
2201 1230 2477 1310 κόρυμβα.
2507 1232 2608 1290 ubi
2636 1231 2829 1291 Schol.

638 1327 709 1382 τὰ
740 1325 1099 1402 ἀκροστόλια.
1184 1323 1437 1402 Etymol.
1469 1324 1559 1382 M.
1590 1344 1651 1402 p.
1689 1325 1821 1386 177.
1858 1323 2008 1382 inter
2051 1327 2315 1402 ἄφλαστα
2358 1331 2418 1382 et
2460 1323 2714 1402 κόρυμβα
2747 1323 2832 1381 di-

639 1414 901 1494 stinguit.
946 1417 1277 1494 Ἀφλαστω
1316 1416 1386 1474 τὰ
1415 1419 1754 1492 ἀκροστόλια
1781 1420 1874 1487 τῆς
1915 1415 2372 1493 νηὸς-διαφέρει
2405 1415 2467 1474 δὲ
2497 1421 2612 1474 τῶν
2639 1417 2858 1492 κυρίῳ--

635 1505 782 1578 βων.
826 1508 1089 1585 ἅφλαστα
1122 1508 1231 1583 μὲν
1271 1513 1508 1584 λέγεται
1541 1507 1610 1566 ra*
1648 1509 1990 1585 πρυμνήσια,
2024 1508 2276 1584 κόρυμβα
2309 1507 2370 1566 δὲ
2414 1512 2483 1568 τὰ
2519 1502 2828 1585 πρωρὴσια.

638 1597 957 1658 confundit
982 1599 1251 1677 Apollon.
1284 1598 1476 1659 Rhod.
1509 1599 1595 1659 II.
1628 1601 1766 1658 603.
1808 1602 2040 1675 .”Εμπης
2067 1599 2112 1658 δ’
2137 1600 2452 1678 ἀφλάστοιο
2491 1605 2830 1678 παρέθρισεν

633 1690 779 1766 ἄκρα
820 1691 1092 1769 κόρυμβα.
1176 1690 1351 1749 Plura
1377 1691 1660 1768 congessit
1684 1691 1906 1750 Auctor
1933 1691 2173 1751 Dissert.
2204 1691 2276 1751 de
2301 1691 2492 1750 Tutel.
2523 1699 2581 1750 et
2608 1691 2827 1770 Insign.

639 1781 907 1852 Navium,
937 1802 997 1859 p.
1030 1783 1166 1842 296.
1249 1780 1383 1839 Vid.
1412 1781 1561 1840 infra
1589 1782 1726 1841 664.
1811 1782 2078 1842 Ceterum
2117 1782 2432 1842 Scholiasta
2468 1783 2598 1842 haec
2635 1782 2828 1852 habet,

634 1876 823 1951 ἀρχὴν
862 1876 1039 1932 ἐποίει
1074 1877 1170 1932 τοῦ
1200 1875 1421 1950 πρώτου
1452 1878 1704 1952 πολέμου
1743 1877 1878 1933 ναῦς
1912 1876 2240 1945 Ἀθηναῖκὴ,
2289 1876 2468 1947 ἤγουν
2507 1874 2832 1951 Λυκομήδης

637 1965 668 2022 ὁ
696 1969 1009 2044 Αἰσχραίου
1037 1973 1191 2024 παῖς.
1276 1964 1608 2024 Herodotus
1635 1984 1767 2024 vero
1787 1964 1932 2024 VII.
1963 1969 2062 2024 84.
2104 1966 2387 2043 Ἀμεινίης
2415 1967 2446 2022 ὁ
2474 1969 2830 2038 Παλληνεύς,

636 2060 780 2132 ἀνὴρ
806 2061 1122 2129 Ἀθηναῖος,
1154 2060 1507 2136 ἐξαναχθείς,
1542 2058 1637 2128 νηῒ
1664 2056 1970 2135 ἐμβάλλει.
2023 2063 2441 2134 συμπλακείσης
2472 2057 2532 2117 δὲ
2560 2062 2653 2128 τῆς
2683 2061 2828 2129 νηός,

636 2153 726 2208 καὶ
762 2155 825 2210 οὗ
858 2151 1191 2229 δυναμένων
1228 2152 1664 2222 ἀπαλλαγῆναι,
1701 2149 1844 2208 οὕτω
1881 2149 1945 2220 δὴ
1983 2151 2032 2208 οἱ
2065 2151 2240 2209 ἄλλοι
2273 2149 2527 2232 Ἀμεινίῃ
2561 2147 2832 2222 βοηθέον-

634 2266 725 2301 τες
762 2249 1129 2322 συνεμίσγον.
1215 2240 1567 2319 Lycomedes
1599 2260 1732 2300 vero
1769 2241 1990 2320 primus
2025 2261 2226 2300 navem
2268 2241 2562 2300 Persicam'
2588 2241 2740 2318 cepit
2769 2241 2832 2300 in

633 2352 830 2412 pugna
864 2333 1021 2413 apud
1050 2331 1458 2401 Artemisium3
1506 2331 1789 2391 Herodot.
1820 2332 1962 2390 VII.
2000 2337 2094 2390 ll.
2135 2331 2288 2392 unde
2328 2350 2485 2390 error
2523 2339 2683 2390 ortus
2723 2340 2828 2392 est.

626 2424 962 2484 Phoeuissas
992 2431 1185 2484 autem
1215 2442 1386 2484 naves
1416 2423 1864 2500 Atheniensibus
1897 2423 2186 2501 oppositas
2221 2422 2395 2482 fuisse
2432 2423 2608 2482 tradit
2645 2422 2832 2481 Hero-

634 2515 822 2574 dotus,
907 2516 1176 2575 Ceterum
1202 2515 1492 2573 Aminiam
1524 2515 1700 2574 istum
1728 2515 1988 2592 AEsehyli
2019 2515 2253 2573 fratrem
2286 2513 2460 2572 fuisse
2496 2513 2657 2575 aiunt
2694 2511 2830 2570 Dio-

634 2606 807 2667 dorus
834 2606 1076 2676 Siculus,
1111 2614 1170 2665 et
1201 2626 1271 2665 ex
1302 2626 1369 2665 eo
1400 2607 1621 2665 Auctor
1655 2606 1916 2685 AEschyli
1949 2606 2106 2665 vitae.
2194 2605 2305 2664 Sed
2339 2605 2646 2684 AEschylus
2679 2625 2834 2665 com·

632 2698 796 2755 muni
821 2698 1077 2756 omnium
1105 2716 1383 2757 consensu
1408 2697 1734 2759 Eleusinius
1761 2705 1898 2769 erat,
1927 2717 2048 2757 non
2077 2696 2444 2759 Pallenensis.

710 2864 872 2923 aid.
915 2841 1150 2945 Δόρυ.
1232 2866 1437 2927 Navis.
1523 2867 1758 2945 Proprie
1790 2887 1922 2927 vero
1960 2870 2143 2927 trabs.
2186 2873 2253 2925 ut
2287 2867 2349 2925 in
2385 2866 2552 2928 Iliad.
2584 2867 2656 2927 B.
2691 2871 2826 2927 135.

634 2953 749 3008 Καὶ
792 2951 857 3021 δὴ
902 2950 1069 3029 δοῦρα
1116 2959 1330 3025 σέσηπε
1364 2956 1529 3013 νεῶν.
1613 2954 1827 3013 Incert.
1859 2955 2038 3013 Rhes.
2067 2957 2208 3019 458.
2252 2954 2315 3013 τὸ
2359 2956 2518 3014 νάϊον
2552 2956 2830 3032 Ἀργόθεν

633 3040 782 3116 δόρυ.
865 3042 1065 3121 Eurip.
1098 3043 1259 3121 Cyel.
1298 3048 1388 3103 14.
1434 3048 1500 3103 ἐν
1531 3046 1752 3125 πρΰμνῃ
1790 3045 1835 3104 δ’
1867 3045 2003 3121 ἄκρα
2038 3047 2214 3105 Αὐτὸς
2250 3044 2455 3120 λαβὼν
2484 3048 2686 3106 ἰ’θυνον
2717 3051 2827 3123 ἆμ-

632 3136 798 3210 φῆρες
827 3131 977 3209 δόρυ.
1061 3125 1153 3191 Sic
1180 3135 1331 3191 enim
1364 3154 1433 3193 ex
1460 3136 1571 3193 hoc
1596 3135 1724 3194 loco
1753 3135 2059 3213 legendum
2091 3143 2235 3214 puto
2260 3155 2367 3215 pro
2395 3139 2653 3207 εὔθυνεν,
2684 3146 2742 3197 et
2767 3138 2829 3196 in

634 3223 843 3282 Helen.
880 3225 1052 3281 1628.
1094 3224 1184 3283 ἐπ’
1210 3226 1415 3284 οἰάκων
1444 3226 1505 3285 δὲ
1528 3226 1641 3301 βάς
1655 3228 1860 3297 Ἀναξ,
1895 3230 1948 3287 ἐς
1973 3227 2204 3287 Ἑλλάδ’
2247 3229 2409 3288 εἶπεν
2436 3230 2648 3289 ῖθίινειν
2676 3229 2825 3305 δόρυ.

636 3314 764 3393 (ubi
799 3314 970 3397 etiam
1000 3315 1234 3395 legerim
1268 3315 1312 3375 ὦ
1354 3319 1521 3394 ’ναξ.)
1606 3318 1888 3378 Herodot.
1927 3316 2032 3377 IV.
2071 3323 2204 3378 122.
2247 3320 2380 3397 πρὸς
2413 3324 2516 3390 τὴν
2545 3327 2683 3399 μίην
2719 3325 2830 3379 τῶν

631 3413 873 3484 μοιρέων
912 3409 1124 3467 ’ἔθυσαν
1164 3410 1217 3467 οἱ
1257 3416 1495 3488 Πέρσαι.
1578 3410 1794 3469 Noster
1834 3409 2002 3468 infra.
2089 3414 2272 3485 Κὺρου
2312 3412 2372 3469 δὲ
2404 3420 2536 3470 παῖς
2577 3419 2828 3486 τέταρτος

630 3501 791 3558 ’έθυνε
818 3503 1073 3576 στρατόν.
1117 3500 1220 3559 ubi
1244 3501 1358 3559 vid.
1388 3509 1573 3561 notae.
1661 3502 1754 3560 Of.
1786 3500 2041 3560 Pierson.
2072 3501 2337 3560 Verisim.
2367 3522 2426 3580 p.
2453 3503 2586 3566 167.
2666 3503 2830 3561 Cete-

632 3608 758 3647 rum
787 3598 853 3648 ut
878 3591 974 3648 hic
1002 3591 1132 3668 δόρυ
1160 3611 1265 3670 pro
1293 3612 1434 3651 nave
1460 3592 1869 3670 accipiendum,
1895 3591 1975 3651 sic
1995 3593 2148 3670 apud
2169 3592 2370 3671 Virgil.
2392 3592 2524 3651 AEn.
2546 3594 2667 3654 111.
2687 3599 2826 3656 391.

633 3687 853 3739 vastum
880 3700 1092 3740 ‘rmum
1124 3683 1401 3741 currimus
1426 3703 1637 3759 oequor.

709 3848 851 3903 421.
893 3817 1321 3921 Ἐμβολοιὴ
1393 3848 1687 3906 Rostrum.
1750 3848 1844 3906 Ea
1860 3869 2011 3925 pars
2025 3868 2224 3925 prorae
2243 3868 2356 3925 qua
2383 3846 2824 3927 ἐμβολὴχίεόαι.

633 3929 768 3989 Vid.
800 3949 976 4009 supra
1004 3932 1139 3993 279.
1185 3932 1392 3991 Pollux
1414 3933 1466 3991 I.
1488 3937 1586 3993 85.
1637 3936 1718 3993 Τὸ
1749 3940 2073 4012 καταλῆγον
2101 3938 2194 3995 ἐπὶ
2221 3936 2326 4007 τήν
2353 3939 2596 4013 πρῶραν,
2619 3960 2828 4013 προεμ-

631 4021 817 4096 βολίς·
874 4023 937 4081 τὸ
981 4022 1042 4082 δὲ
1085 4023 1176 4081 ὕπ’
1220 4027 1413 4095 αὒτὴν,
1462 4024 1738 4100 ἔμβολον.
1823 4027 2084 4106 Hesyeh.
2140 4028 2466 4108 Ἔμβολον.
2536 4028 2832 4105 Εὐριπίδης

635 4114 951 4195 Παλαμὴδῃ
987 4118 1075 4175 καὶ
1116 4120 1366 4193 Σκίρωνι,
1401 4117 1644 4195 ἔμβολα·
1692 4120 1754 4177 τὸ
1793 4118 1855 4177 δὲ
1888 4117 2033 4179 πολῦ
2071 4120 2366 4197 α’ῤῥενικῶς
2403 4125 2659 4193 λέγουσι,
2702 4118 2829 4177 τούς

633 4206 932 4283 ἐμβόλους.
1018 4206 1206 4266 Gloss.
1238 4208 1519 4267 Herodot.
1566 4209 1879 4288 ”Εμβολος.
1921 4212 2202 4289 χάλκωμα
2237 4216 2669 4289 περιτεθέμενον
2705 4215 2832 4288 περὶ

632 4301 734 4367 τὴν
767 4302 987 4375 πρῶραν
1019 4306 1138 4357 ταῖς
1176 4304 1360 4359 ναυσί.
1444 4300 1709 4379 Thucyd.
1734 4301 1877 4360 VII.
1909 4302 2007 4360 36.
2050 4306 2388 4381 ἀναῤῥὴξειν
2423 4308 2493 4363 τὰ
2533 4304 2831 4380 πρώραθεν

635 4392 836 4458 αὑτοῖς,
876 4397 1149 4468 στερίφοις
1184 4394 1275 4449 καὶ
1313 4398 1529 4469 παχέσι
1568 4392 1702 4471 πρὸς
1739 4391 1902 4452 κοιλοῖ
1945 4396 2038 4451 καὶ
2078 4398 2298 4467 ἀσθενῆ
2339 4401 2676 4474 προέχοντες
2717 4402 2831 4454 τοῖς

636 4480 921 4559 ἐμβόλοις.
1004 4482 1097 4542 Sic
1134 4481 1285 4542 enim
1321 4481 1625 4563 legendum
1662 4489 1804 4563 puto
1841 4503 1948 4563 pro
1980 4492 2348 4565 παρέχοντες,
2383 4506 2453 4545 ex
2485 4484 2601 4567 ‹iuo
2633 4505 2832 4549 sensus
