3282 5193
1274 437 1363 488 IN
1402 435 1712 488 PnRsAS.
2446 419 2594 488 151

390 615 488 673 δον
526 618 604 673 εἷς
646 615 979 691 Ἀχέροντα.
1065 611 1319 672 Philetas
1346 633 1440 691 ap.
1473 613 1634 672 Stob.
1668 612 1918 672 CXVII.
1950 633 2010 689 p.
2043 615 2180 673 599.
2227 615 2476 690 Iirpavrov
2517 618 2596 672 εἷς

388 705 588 763 Ἀΐδεω
615 705 863 774 “Ηιύσα,
908 711 1010 775 τὴν
1048 704 1201 763 οὔπω
1239 729 1318 762 τις
1356 708 1619 763 ἐναντίον
1663 701 1840 775 ἦλθεν
1869 705 2069 774 ὁδίτης.
2182 704 2595 764 Anacreontica

388 793 527 854 ibid.
596 795 797 854 Ἀΐδεω
828 797 939 872 γάρ
968 798 1089 853 ἐστι
1128 795 1308 854 δεινὸς
1342 799 1563 873 Μυχός·
1623 799 1884 872 ἀργαλέη
1923 795 1968 853 δ’
2005 797 2060 852 ἐς
2104 797 2276 854 αὑτὸν
2319 796 2589 854 Κάθοδος·

388 891 478 945 καὶ
521 888 631 962 γᾶρ
671 891 897 963 ἕτοιμον
938 887 1274 960 Καταβιίντι
1311 894 1387 965 μὴ
1425 886 1739 962 ἀναβῆναι.
1825 888 1974 945 Hoec
2002 887 2196 945 omnia
2223 906 2355 945 cum
2382 887 2585 964 Virgil.

388 978 521 1035 AEn.
557 979 670 1036 Vl.
709 981 839 1038 128.
877 979 1000 1057 jam
1042 980 1178 1037 olim
1216 987 1640 1056 comparaverat
1670 979 1736 1037 F.
1770 979 2034 1037 UrsinuS.
2121 979 2405 1036 Stanleius
2431 979 2592 1037 addit

388 1069 602 1126 Catulli
628 1071 783 1139 Illic,
814 1072 963 1129 unde
990 1078 1205 1145 neyant
1235 1074 1427 1129 redire
1454 1091 1784 1146 quenquam.
1870 1068 2070 1147 Adjice
2092 1069 2356 1146 Antipat.
2389 1069 2584 1128 Sidon.

389 1159 519 1218 CX.
552 1163 607 1218 ἐς
641 1161 757 1236 γαῖρ
789 1163 1099 1238 ἄκαμπτον,
1129 1166 1219 1220 Ἐς
1252 1162 1352 1220 τὸν
1389 1165 1704 1231 &rdet-mov
1744 1168 1928 1238 χῶρον
1971 1159 2105 1235 ἔβης
2149 1165 2378 1238 ἐνέρων.
2463 1160 2593 1218 Ele-

388 1259 590 1326 ganter
625 1252 927 1330 Euripides
966 1252 1027 1310 in
1068 1252 1387 1330 fragmento
1431 1273 1525 1331 ap.
1572 1253 1824 1313 Lexicon
1873 1253 2257 1310 SanGerman.
2342 1251 2592 1309 Bekkeri

390 1340 607 1400 Anecd.
658 1343 847 1402 Graec.
889 1342 941 1400 Ῑ.
980 1363 1041 1420 p.
1080 1346 1219 1403 344.
1311 1350 1425 1402 θεοὶ
1463 1348 1708 1421 χθόνιοι,
1748 1343 1994 1421 Ζοφεριὶν
2038 1343 2315 1400 ἅδίιιυλον
2361 1345 2592 1420 ἔχοντες

391 1433 559 1507 ἕδραν
592 1439 711 1504 Τὴν
758 1439 1139 1510 φθειρομένων
1191 1434 1595 1514 Ἀχερόντειαν
1639 1434 2233 1511 Λίμνην.--ἆδίαυλος
2281 1441 2368 1492 est
2409 1433 2586 1500 100118,

389 1524 542 1582 unde
569 1545 737 1583 nemo
764 1535 936 1604 queat
964 1526 1181 1603 κάμψαι
1211 1527 1441 1586 διαύλου
1470 1524 1705 1604 θάτερον
1736 1531 1916 1585 κῶλον
1942 1527 2142 1584 πάλιν.

471 1686 606 1748 697.
671 1660 1335 1744 *Ἑνδυναστεῦω.
1400 1689 1730 1763 Principem
1759 1690 1912 1745 inter
1937 1689 2070 1746 illos
2097 1689 2276 1744 locum
2305 1686 2585 1744 obtinens.

390 1777 431 1802 ‘⁶
449 1770 719 1830 Veterum
749 1773 939 1850 opinio
968 1782 1107 1838 erat,
1139 1793 1316 1851 regeS,
1349 1774 1449 1853 qui
1474 1775 1686 1832 virtute
1715 1783 1773 1831 et
1800 1774 1965 1832 factis
1993 1773 2402 1840 excelluissent,
2435 1771 2590 1848 apud

386 1861 596 1920 inferos
624 1882 832 1940 magna
856 1863 916 1920 in
945 1863 1221 1941 dignitate
1239 1883 1376 1932 esse,
1395 1864 1812 1942 imperiumque
1832 1863 1891 1921 in
1912 1873 2267 1922 mortuorum
2289 1862 2590 1920 simulacra

386 1971 488 2010 seu
525 1953 741 2011 animas
774 1973 1050 2012 exercere.
1135 1955 1311 2031 Apud
1362 1949 1702 2032 Sophoclem
1748 1954 1840 2010 El.
1872 1957 2008 2011 841.
2052 1953 2438 2030 Amphiaraus
2479 1954 2588 2011 ὑπὸ

388 2051 564 2118 γαίας
590 2045 898 2122 πάμψυχος
925 2044 1193 2104 ἀνάσσει.
1258 2044 1495 2124 Ulysses
1521 2045 1582 2102 in
1610 2045 1847 2121 Necyia‚
1869 2044 2082 2122 Achilli
2101 2045 2181 2102 ait
2201 2065 2255 2101 v.
2280 2045 2418 2100 481.
2467 2051 2588 2102 σεῖο

389 2137 451 2204 δ’,
498 2140 795 2214 Ἀχιλλεῦ,
840 2136 1007 2195 Οὖτις
1059 2141 1203 2213 ἀνὴρ
1265 2137 1604 2211 προπάροιθε
1658 2136 2024 2212 μακάρτατος,
2069 2135 2182 2194 οὔτ’
2223 2135 2310 2207 ἄρ’
2352 2138 2586 2203 ὀπίσσω,

392 2232 535 2302 Πρὶν
561 2230 668 2303 μὲν
698 2229 811 2304 γάρ
842 2252 907 2286 σε
937 2229 1083 2297 ζωὸν
1113 2231 1335 2305 ἐτίομεν
1363 2229 1459 2287 ἶσα
1492 2234 1708 2286 θεοῖσιν
1735 2232 2002 2302 Ἀργεῖοι·
2052 2231 2154 2286 νῦν
2183 2227 2227 2284 δ’
2255 2225 2390 2285 αὖτε
2430 2234 2584 2304 μέγα

388 2326 629 2394 κρατέεις
661 2322 953 2379 νεκύεσσιν
979 2321 1202 2378 Ἐνθάδ’
1232 2320 1407 2378 ε’ὠν.”
1452 2320 1796 2376 Brunckiue.
1867 2319 2032 2377 Vere.
2105 2317 2197 2376 Sic
2232 2317 2292 2376 in
2320 2318 2585 2396 Choeph.

386 2413 526 2470 354.
555 2411 955 2489 Agamemnon
982 2412 1190 2471 dicitur
1219 2412 1359 2471 amru=
1389 2412 1592 2490 χθονὸς
1621 2413 1924 2486 ἐμπρέπων
1943 2413 2286 2485 Σεμνότιμος
2314 2410 2586 2485 ἀνάκτωρ,

390 2505 679 2576 Πρόπολος
721 2527 782 2562 τε
824 2507 934 2561 τῶν
974 2509 1266 2581 μεγίστων
1310 2509 1564 2561 Χθοιίων
1605 2505 1724 2576 ᾄκεῖ
1761 2501 2070 2576 τυράννων.
2158 2499 2439 2559 Βασιλεὺς
2478 2501 2589 2578 γάρ

386 2591 450 2665 ἧς
483 2595 599 2673 ὄφρ’
624 2599 771 2666 ἔζης.
856 2596 1057 2674 Eurip.
1091 2596 1316 2655 Hecub.
1350 2600 1486 2656 549.
1533 2598 1599 2653 ἐν
1632 2601 1870 2671 νεκροῖσι
1901 2594 2014 2671 γὰρ
2043 2594 2234 2665 Λοῦλη
2265 2600 2584 2665 κεκλῆσθαι,

385 2685 619 2760 βασιλὶς
644 2686 779 2757 οὔθ,
812 2690 1177 2765 αἰσχύνομαι.
1261 2688 1386 2745 Nec
1426 2687 1589 2745 aliter
1615 2686 1910 2763 Virgilius,
1940 2707 2071 2744 nam
2110 2694 2169 2745 te
2223 2706 2324 2744 nec
2355 2694 2590 2762 &pereat

391 2776 647 2835 Tartara
686 2798 889 2852 reyem‚
929 2779 1053 2835 Nec
1097 2779 1206 2835 tibi
1247 2779 1527 2852 reynandi
1564 2780 1758 2835 veniat
1787 2784 1906 2835 tam
1931 2779 2065 2835 dira
2107 2779 2334 2852 cupido.
2420 2776 2589 2835 Hane

386 2867 677 2927 notionem
704 2868 886 2928 facete
912 2868 1187 2947 pervertit
1212 2868 1625 2944 Aristophanes
1655 2868 1802 2925 Rau.
1838 2868 1972 2929 773.

466 3029 604 3090 699.
672 3006 1041 3115 Νεοχμός.
1126 3032 1341 3089 Novus.
1428 3031 1678 3090 Glossar.
1709 3032 1770 3089 in
1800 3029 2092 3090 Prometh.
2133 3032 2262 3088 153.

464 3204 621 3262 aid.
665 3183 1108 3287 Ἐμβριθής.
1202 3206 1505 3263 onerosus.
1593 3204 1850 3282 Hesych.
1891 3202 2210 3280 Ἐμβριθές.
2253 3202 2423 3279 βαρύ,
2472 3230 2585 3263 στι-

381 3290 585 3366 βαρόν.
644 3292 862 3350 Eodem
890 3311 1060 3351 sensu
1088 3291 1378 3367 ἑπιβριθὴς
1404 3291 1650 3349 Eumen.
1674 3293 1810 3350 963.
1840 3290 2216 3367 penultimam
2243 3291 2527 3367 producit.

468 3448 604 3507 701.
665 3423 953 3502 Ἀντία.
1043 3444 1266 3501 Coram.
1350 3441 1768 3500 Adverbialiter
1794 3448 2154 3518 usurpatum.
2238 3440 2451 3517 odyss.
2509 3448 2580 3499 O.

382 3532 521 3593 376.
566 3531 639 3589 ab
666 3530 982 3589 Abreschio
1022 3530 1351 3596 advocatus,
1390 3534 1557 3587 ἀντία
1600 3528 1896 3599 δεσποίνης·
1932 3527 2168 3603 φάσθαι.
2217 3527 2369 3604 quod
2397 3546 2583 3585 exem-

379 3623 541 3700 plum
568 3622 706 3681 facit
732 3629 799 3681 ut
824 3620 1087 3680 nonnihil
1115 3622 1185 3680 de
1210 3612 1668 3699 interpunctione
1695 3638 1824 3677 mea
1849 3618 2201 3677 addubitem.

464 3794 599 3854 704.
661 3770 1161 3875 *Μακιστήρ.
1245 3792 1541 3849 Prolioeus.
1609 3794 1827 3868 μῆχους
1873 3790 2166 3868 ἐχόμενος,
2214 3788 2406 3847 Schol.
2493 3788 2580 3847 De

379 3877 489 3935 hac
515 3898 651 3936 voce
676 3878 820 3936 nihil
846 3879 1079 3938 omnino
1099 3886 1348 3937 statuere
1382 3898 1637 3955 possum,
1667 3886 1880 3955 praeter
1915 3878 2044 3946 hoc,
2074 3877 2230 3955 quod
2255 3896 2290 3933 a
2315 3878 2581 3953 μάκιστος

378 3969 701 4046 provenisse
727 3989 842 4028 non
869 3978 1077 4047 potest.
1121 3969 1257 4027 Vid.
1292 3978 1477 4027 notaS.
1526 3969 1672 4027 Mox
1700 3968 1771 4026 de
1799 3975 2088 4027 structura
2115 3973 2218 4037 τὴν
2248 3968 2392 4043 ἐμήν
2421 3968 2574 4037 αἰδῶ,

378 4059 495 4118 vid.
529 4060 781 4119 Glossar.
810 4060 869 4117 in
899 4060 1093 4119 Prom.
1123 4061 1261 4120 396.
1294 4059 1563 4137 Sophocl.
1591 4059 1726 4117 OEd.
1751 4059 1820 4116 Τ.
1849 4060 1986 4119 969.
2031 4062 2194 4137 τῴμῷ
2223 4058 2396 4136 πόθῳ.

467 4222 598 4283 710.
659 4194 1078 4297 Ξύννομος.
1164 4221 1493 4295 Par-ticeps.
1565 4218 1762 4296 Hujus
1789 4216 1898 4274 loci
1925 4235 2039 4273 non
2081 4216 2410 4273 recordatus
2451 4236 2578 4275 sum

378 4307 439 4364 in
468 4306 718 4366 Glossar.
749 4306 823 4365 ad
848 4308 1034 4366 Theb.
1067 4310 1202 4370 347.

471 4471 602 4530 713.
660 4444 986 4551 Χερσός.
1079 4469 1277 4526 Terra.
1365 4467 1532 4524 Hanc
1560 4484 1756 4523 vocem
1784 4463 2062 4523 illustravi
2089 4462 2162 4521 ad
2182 4462 2364 4523 Theb.
2399 4466 2494 4523 64.
