<?xml version="1.0" encoding="UTF-8"?>
<!DOCTYPE html PUBLIC "-//W3C//DTD XHTML 1.0 Transitional//EN"
    "http://www.w3.org/TR/xhtml1/DTD/xhtml1-transitional.dtd">
<html xmlns="http://www.w3.org/1999/xhtml" xml:lang="en" lang="en">
 <head>
  <title>
</title>
<meta http-equiv="Content-Type" content="text/html;charset=utf-8" />
  <meta name='ocr-system' content='tesseract 3.04.00' />
  <meta name='ocr-capabilities' content='ocr_page ocr_carea ocr_par ocr_line ocrx_word'/>
</head>
<body>
  <div class='ocr_page' id='page_1' title='image "./pers00aescgoog_0180.png"; bbox 0 0 3282 5193; ppageno 0'>
   <div class='ocr_carea' id='block_1_1' title="bbox 680 431 2042 501">
    <p class='ocr_par' dir='ltr' id='par_1_1' title="bbox 680 431 2042 501">
     <span class='ocr_line' id='line_1_1' title="bbox 680 431 2042 501; baseline -0.007 0"><span class='ocrx_word' id='word_1_1' title='bbox 680 431 831 501; x_wconf 74' lang='lat'>146</span> <span class='ocrx_word' id='word_1_2' title='bbox 1538 439 2042 494; x_wconf 67' lang='lat' dir='ltr'><strong>onossARmM</strong></span> 
     </span>
    </p>
   </div>
   <div class='ocr_carea' id='block_1_2' title="bbox 679 615 2887 792">
    <p class='ocr_par' dir='ltr' id='par_1_2' title="bbox 679 615 2887 792">
     <span class='ocr_line' id='line_1_2' title="bbox 679 615 2887 698; baseline -0.005 -15"><span class='ocrx_word' id='word_1_3' title='bbox 679 624 900 685; x_wconf 84' lang='lat' dir='ltr'><strong>confert</strong></span> <span class='ocrx_word' id='word_1_4' title='bbox 928 621 1162 682; x_wconf 87' lang='lat' dir='ltr'><strong>Pindari</strong></span> <span class='ocrx_word' id='word_1_5' title='bbox 1203 627 1451 698; x_wconf 78' lang='grc' dir='ltr'>χρυσέης</span> <span class='ocrx_word' id='word_1_6' title='bbox 1492 623 1712 683; x_wconf 76' lang='grc' dir='ltr'>ἐλαίας,</span> <span class='ocrx_word' id='word_1_7' title='bbox 1747 625 1804 676; x_wconf 88' lang='lat' dir='ltr'><strong>et</strong></span> <span class='ocrx_word' id='word_1_8' title='bbox 1831 616 2034 694; x_wconf 82' lang='lat' dir='ltr'><strong>virgil.</strong></span> <span class='ocrx_word' id='word_1_9' title='bbox 2065 616 2200 674; x_wconf 88' lang='lat' dir='ltr'>AEn.</span> <span class='ocrx_word' id='word_1_10' title='bbox 2233 615 2307 672; x_wconf 87' lang='lat' dir='ltr'>V.</span> <span class='ocrx_word' id='word_1_11' title='bbox 2335 616 2474 674; x_wconf 87' lang='lat'>304.</span> <span class='ocrx_word' id='word_1_12' title='bbox 2501 619 2670 692; x_wconf 80' lang='lat' dir='ltr'><strong>flava</strong></span> <span class='ocrx_word' id='word_1_13' title='bbox 2713 616 2887 671; x_wconf 82' lang='lat' dir='ltr'><strong>oliva.</strong></span> 
     </span>
     <span class='ocr_line' id='line_1_3' title="bbox 682 711 2210 792; baseline -0.007 -17"><span class='ocrx_word' id='word_1_14' title='bbox 682 716 868 775; x_wconf 83' lang='lat' dir='ltr'><strong>Aliter</strong></span> <span class='ocrx_word' id='word_1_15' title='bbox 895 713 1163 792; x_wconf 88' lang='lat' dir='ltr'><strong>Sophocl.</strong></span> <span class='ocrx_word' id='word_1_16' title='bbox 1197 712 1329 770; x_wconf 89' lang='lat' dir='ltr'>OEd.</span> <span class='ocrx_word' id='word_1_17' title='bbox 1362 711 1490 770; x_wconf 87' lang='lat' dir='ltr'><strong>Col.</strong></span> <span class='ocrx_word' id='word_1_18' title='bbox 1526 713 1663 775; x_wconf 89' lang='lat'>701.</span> <span class='ocrx_word' id='word_1_19' title='bbox 1709 713 1964 784; x_wconf 81' lang='grc' dir='ltr'>γλαυκᾶς</span> <span class='ocrx_word' id='word_1_20' title='bbox 1993 711 2210 767; x_wconf 75' lang='grc' dir='ltr'>ἐλαίας.</span> 
     </span>
    </p>
   </div>
   <div class='ocr_carea' id='block_1_3' title="bbox 689 840 2896 1032">
    <p class='ocr_par' dir='ltr' id='par_1_3' title="bbox 689 840 2896 1032">
     <span class='ocr_line' id='line_1_4' title="bbox 767 840 2891 936; baseline -0.005 -9"><span class='ocrx_word' id='word_1_21' title='bbox 767 871 905 927; x_wconf 82' lang='grc'>624.</span> <span class='ocrx_word' id='word_1_22' title='bbox 966 840 1337 926; x_wconf 69' lang='grc' dir='ltr'>Πλεκτός.</span> <span class='ocrx_word' id='word_1_23' title='bbox 1404 867 1635 923; x_wconf 72' lang='lat' dir='ltr'><strong>Teoetus.</strong></span> <span class='ocrx_word' id='word_1_24' title='bbox 1671 867 1816 932; x_wconf 78' lang='grc' dir='ltr'>ἄνθη</span> <span class='ocrx_word' id='word_1_25' title='bbox 1834 861 2070 930; x_wconf 78' lang='grc' dir='ltr'>πλεκτά,</span> <span class='ocrx_word' id='word_1_26' title='bbox 2093 880 2297 918; x_wconf 78' lang='lat' dir='ltr'><strong>corona</strong></span> <span class='ocrx_word' id='word_1_27' title='bbox 2321 880 2350 916; x_wconf 87' lang='lat' dir='ltr'><strong>e</strong></span> <span class='ocrx_word' id='word_1_28' title='bbox 2353 861 2627 936; x_wconf 68' lang='lat' dir='ltr'><strong>floribus.</strong></span> <span class='ocrx_word' id='word_1_29' title='bbox 2684 859 2891 936; x_wconf 87' lang='lat' dir='ltr'><strong>Eurip.</strong></span> 
     </span>
     <span class='ocr_line' id='line_1_5' title="bbox 689 946 2896 1032; baseline -0.005 -18"><span class='ocrx_word' id='word_1_30' title='bbox 689 953 933 1032; x_wconf 87' lang='lat' dir='ltr'><strong>Hippol.</strong></span> <span class='ocrx_word' id='word_1_31' title='bbox 961 957 1055 1015; x_wconf 88' lang='lat'>73.</span> <span class='ocrx_word' id='word_1_32' title='bbox 1101 953 1345 1011; x_wconf 82' lang='grc' dir='ltr'>πλεκτὸν</span> <span class='ocrx_word' id='word_1_33' title='bbox 1377 959 1680 1030; x_wconf 82' lang='grc' dir='ltr'>στέφανον.</span> <span class='ocrx_word' id='word_1_34' title='bbox 1745 951 1893 1008; x_wconf 87' lang='lat' dir='ltr'>Cum</span> <span class='ocrx_word' id='word_1_35' title='bbox 1914 947 2249 1024; x_wconf 81' lang='lat' dir='ltr'><strong>metaphora</strong></span> <span class='ocrx_word' id='word_1_36' title='bbox 2271 953 2438 1020; x_wconf 77' lang='grc' dir='ltr'>γαίας</span> <span class='ocrx_word' id='word_1_37' title='bbox 2459 953 2628 1005; x_wconf 83' lang='grc' dir='ltr'>τέκνα</span> <span class='ocrx_word' id='word_1_38' title='bbox 2650 946 2896 1004; x_wconf 79' lang='lat' dir='ltr'><strong>eontulit</strong></span> 
     </span>
    </p>
   </div>
   <div class='ocr_carea' id='block_1_4' title="bbox 629 1037 2900 1375">
    <p class='ocr_par' dir='ltr' id='par_1_4' title="bbox 629 1037 2900 1375">
     <span class='ocr_line' id='line_1_6' title="bbox 629 1037 2896 1119; baseline -0.004 -16"><span class='ocrx_word' id='word_1_39' title='bbox 629 1043 633 1047; x_wconf 62' lang='grc'><em>’</em></span> <span class='ocrx_word' id='word_1_40' title='bbox 690 1045 973 1104; x_wconf 85' lang='lat' dir='ltr'><strong>Stanleius</strong></span> <span class='ocrx_word' id='word_1_41' title='bbox 1012 1044 1182 1102; x_wconf 87' lang='lat' dir='ltr'><strong>verba</strong></span> <span class='ocrx_word' id='word_1_42' title='bbox 1230 1042 1623 1102; x_wconf 83' lang='lat' dir='ltr'><strong>Chaeremonis</strong></span> <span class='ocrx_word' id='word_1_43' title='bbox 1665 1062 1756 1119; x_wconf 93' lang='lat' dir='ltr'>ap.</span> <span class='ocrx_word' id='word_1_44' title='bbox 1788 1040 2004 1098; x_wconf 86' lang='lat' dir='ltr'><strong>Athen.</strong></span> <span class='ocrx_word' id='word_1_45' title='bbox 2036 1038 2218 1096; x_wconf 88' lang='lat' dir='ltr'>XIII.</span> <span class='ocrx_word' id='word_1_46' title='bbox 2248 1058 2310 1115; x_wconf 90' lang='lat' dir='ltr'>p.</span> <span class='ocrx_word' id='word_1_47' title='bbox 2344 1039 2480 1096; x_wconf 88' lang='grc'><strong>608.</strong></span> <span class='ocrx_word' id='word_1_48' title='bbox 2513 1037 2589 1096; x_wconf 94' lang='lat' dir='ltr'>D.</span> <span class='ocrx_word' id='word_1_49' title='bbox 2648 1042 2896 1111; x_wconf 82' lang='grc' dir='ltr'>ἆνθηρου</span> 
     </span>
     <span class='ocr_line' id='line_1_7' title="bbox 690 1128 2899 1209; baseline -0.004 -16"><span class='ocrx_word' id='word_1_50' title='bbox 690 1143 859 1194; x_wconf 78' lang='grc' dir='ltr'>τέκνα</span> <span class='ocrx_word' id='word_1_51' title='bbox 875 1132 1049 1209; x_wconf 85' lang='grc' dir='ltr'>Ἦρος</span> <span class='ocrx_word' id='word_1_52' title='bbox 1094 1138 1253 1204; x_wconf 75' lang='grc' dir='ltr'>πέριξ</span> <span class='ocrx_word' id='word_1_53' title='bbox 1295 1136 1666 1208; x_wconf 76' lang='grc' dir='ltr'><strong><em>στρώσαντες.</em></strong></span> <span class='ocrx_word' id='word_1_54' title='bbox 1711 1139 1770 1190; x_wconf 80' lang='lat' dir='ltr'><strong>et</strong></span> <span class='ocrx_word' id='word_1_55' title='bbox 1795 1149 2008 1198; x_wconf 79' lang='lat' dir='ltr'><strong>rursu8,</strong></span> <span class='ocrx_word' id='word_1_56' title='bbox 2040 1133 2309 1206; x_wconf 80' lang='grc' dir='ltr'>λειμῶνος</span> <span class='ocrx_word' id='word_1_57' title='bbox 2351 1135 2540 1192; x_wconf 78' lang='grc' dir='ltr'>τέκνα.</span> <span class='ocrx_word' id='word_1_58' title='bbox 2626 1128 2899 1186; x_wconf 85' lang='lat' dir='ltr'>Similiter</span> 
     </span>
     <span class='ocr_line' id='line_1_8' title="bbox 690 1219 2900 1302; baseline -0.004 -18"><span class='ocrx_word' id='word_1_59' title='bbox 690 1227 807 1284; x_wconf 84' lang='lat' dir='ltr'><strong>fere</strong></span> <span class='ocrx_word' id='word_1_60' title='bbox 836 1226 1099 1284; x_wconf 85' lang='lat' dir='ltr'>Incertus</span> <span class='ocrx_word' id='word_1_61' title='bbox 1125 1227 1186 1284; x_wconf 90' lang='lat' dir='ltr'>in</span> <span class='ocrx_word' id='word_1_62' title='bbox 1217 1225 1383 1284; x_wconf 90' lang='lat' dir='ltr'><strong>Anal.</strong></span> <span class='ocrx_word' id='word_1_63' title='bbox 1418 1225 1539 1283; x_wconf 94' lang='lat' dir='ltr'>III.</span> <span class='ocrx_word' id='word_1_64' title='bbox 1570 1246 1630 1302; x_wconf 92' lang='lat' dir='ltr'>p.</span> <span class='ocrx_word' id='word_1_65' title='bbox 1667 1225 1802 1286; x_wconf 88' lang='lat'><strong>271.</strong></span> <span class='ocrx_word' id='word_1_66' title='bbox 1846 1227 1950 1298; x_wconf 84' lang='grc' dir='ltr'>γῆς</span> <span class='ocrx_word' id='word_1_67' title='bbox 1995 1221 2265 1295; x_wconf 75' lang='grc' dir='ltr'>θυγάτηρ,</span> <span class='ocrx_word' id='word_1_68' title='bbox 2304 1220 2570 1299; x_wconf 76' lang='grc' dir='ltr'>ῥάφανος.</span> <span class='ocrx_word' id='word_1_69' title='bbox 2654 1219 2790 1277; x_wconf 86' lang='lat' dir='ltr'><strong>Vid.</strong></span> <span class='ocrx_word' id='word_1_70' title='bbox 2821 1219 2900 1277; x_wconf 88' lang='lat' dir='ltr'><strong>ad</strong></span> 
     </span>
     <span class='ocr_line' id='line_1_9' title="bbox 690 1318 1410 1375; baseline 0.001 0"><span class='ocrx_word' id='word_1_71' title='bbox 690 1318 876 1375; x_wconf 88' lang='lat' dir='ltr'><strong>Theb.</strong></span> <span class='ocrx_word' id='word_1_72' title='bbox 907 1319 1045 1375; x_wconf 88' lang='grc'><strong>351.</strong></span> <span class='ocrx_word' id='word_1_73' title='bbox 1406 1318 1410 1322; x_wconf 75' lang='grc'><strong>’</strong></span> 
     </span>
    </p>
   </div>
   <div class='ocr_carea' id='block_1_5' title="bbox 694 1431 2902 1716">
    <p class='ocr_par' dir='ltr' id='par_1_5' title="bbox 694 1431 2902 1716">
     <span class='ocr_line' id='line_1_10' title="bbox 778 1431 2902 1542; baseline -0.004 -25"><span class='ocrx_word' id='word_1_74' title='bbox 778 1461 912 1523; x_wconf 80' lang='grc'>627.</span> <span class='ocrx_word' id='word_1_75' title='bbox 973 1431 1398 1517; x_wconf 66' lang='grc' dir='ltr'>*Γάποτος-</span> <span class='ocrx_word' id='word_1_76' title='bbox 1485 1455 1542 1512; x_wconf 86' lang='grc' dir='ltr'><em>Α</em></span> <span class='ocrx_word' id='word_1_77' title='bbox 1578 1462 1739 1542; x_wconf 57' lang='lat' dir='ltr'><strong>tersa</strong></span> <span class='ocrx_word' id='word_1_78' title='bbox 1781 1454 2105 1526; x_wconf 71' lang='lat' dir='ltr'><strong>absorptus.</strong></span> <span class='ocrx_word' id='word_1_79' title='bbox 2190 1452 2544 1530; x_wconf 88' lang='lat' dir='ltr'><strong>Hujusmodi</strong></span> <span class='ocrx_word' id='word_1_80' title='bbox 2583 1451 2902 1529; x_wconf 82' lang='lat' dir='ltr'><strong>composita</strong></span> 
     </span>
     <span class='ocr_line' id='line_1_11' title="bbox 694 1539 2898 1630; baseline -0.005 -24"><span class='ocrx_word' id='word_1_81' title='bbox 694 1569 729 1606; x_wconf 86' lang='lat' dir='ltr'><strong>a</strong></span> <span class='ocrx_word' id='word_1_82' title='bbox 757 1550 836 1622; x_wconf 82' lang='grc' dir='ltr'><strong><em>γῆ</em></strong></span> <span class='ocrx_word' id='word_1_83' title='bbox 862 1544 1067 1604; x_wconf 86' lang='lat' dir='ltr'><strong>Dorice</strong></span> <span class='ocrx_word' id='word_1_84' title='bbox 1095 1543 1425 1612; x_wconf 87' lang='lat' dir='ltr'><strong>efferuntur,</strong></span> <span class='ocrx_word' id='word_1_85' title='bbox 1458 1543 1730 1614; x_wconf 80' lang='grc' dir='ltr'><strong><em>γαπόνος,</em></strong></span> <span class='ocrx_word' id='word_1_86' title='bbox 1761 1544 2024 1617; x_wconf 86' lang='grc' dir='ltr'>γατόμος,</span> <span class='ocrx_word' id='word_1_87' title='bbox 2052 1542 2313 1616; x_wconf 84' lang='grc' dir='ltr'>γαμόρος,</span> <span class='ocrx_word' id='word_1_88' title='bbox 2333 1539 2608 1630; x_wconf 64' lang='grc' dir='ltr'>γάπεδον,</span> <span class='ocrx_word' id='word_1_89' title='bbox 2633 1540 2898 1617; x_wconf 81' lang='grc' dir='ltr'>γᾶφυτος,</span> 
     </span>
     <span class='ocr_line' id='line_1_12' title="bbox 700 1639 967 1716; baseline -0.015 -20"><span class='ocrx_word' id='word_1_90' title='bbox 700 1639 967 1716; x_wconf 73' lang='grc' dir='ltr'>γᾶχυτος.</span> 
     </span>
    </p>
   </div>
   <div class='ocr_carea' id='block_1_6' title="bbox 697 1729 2896 1950">
    <p class='ocr_par' dir='ltr' id='par_1_6' title="bbox 697 1729 2896 1950">
     <span class='ocr_line' id='line_1_13' title="bbox 781 1729 2895 1850; baseline -0.003 -16"><span class='ocrx_word' id='word_1_91' title='bbox 781 1778 917 1834; x_wconf 85' lang='grc'>632.</span> <span class='ocrx_word' id='word_1_92' title='bbox 974 1729 1318 1849; x_wconf 45' lang='lat' dir='ltr'>noy-7125?-</span> <span class='ocrx_word' id='word_1_93' title='bbox 1396 1773 1551 1829; x_wconf 78' lang='lat' dir='ltr'><strong>Dux.</strong></span> <span class='ocrx_word' id='word_1_94' title='bbox 1638 1772 1895 1850; x_wconf 84' lang='lat' dir='ltr'><strong>Hesyeh.</strong></span> <span class='ocrx_word' id='word_1_95' title='bbox 1945 1777 2197 1848; x_wconf 84' lang='grc' dir='ltr'>Πομποῦ.</span> <span class='ocrx_word' id='word_1_96' title='bbox 2229 1774 2457 1846; x_wconf 80' lang='grc' dir='ltr'>ὁδηγοῦ.</span> <span class='ocrx_word' id='word_1_97' title='bbox 2526 1757 2733 1848; x_wconf 64' lang='lat' dir='ltr'><strong>Agam.</strong></span> <span class='ocrx_word' id='word_1_98' title='bbox 2759 1773 2895 1828; x_wconf 88' lang='grc'><strong>124.</strong></span> 
     </span>
     <span class='ocr_line' id='line_1_14' title="bbox 697 1857 2896 1950; baseline -0.002 -29"><span class='ocrx_word' id='word_1_99' title='bbox 697 1863 948 1934; x_wconf 79' lang='grc' dir='ltr'>πομποῦς</span> <span class='ocrx_word' id='word_1_100' title='bbox 975 1865 1019 1918; x_wconf 87' lang='grc' dir='ltr'>τ’</span> <span class='ocrx_word' id='word_1_101' title='bbox 1048 1859 1275 1937; x_wconf 76' lang='grc' dir='ltr'>ἀρχοῦς.</span> <span class='ocrx_word' id='word_1_102' title='bbox 1339 1861 1477 1920; x_wconf 89' lang='grc'><strong><em>307.</em></strong></span> <span class='ocrx_word' id='word_1_103' title='bbox 1522 1859 1764 1937; x_wconf 77' lang='grc' dir='ltr'>ἐκδοχὴν</span> <span class='ocrx_word' id='word_1_104' title='bbox 1790 1863 2013 1936; x_wconf 80' lang='grc' dir='ltr'>πομποῦ</span> <span class='ocrx_word' id='word_1_105' title='bbox 2041 1864 2230 1936; x_wconf 87' lang='grc' dir='ltr'>πυρός.</span> <span class='ocrx_word' id='word_1_106' title='bbox 2301 1857 2566 1936; x_wconf 86' lang='lat' dir='ltr'><strong>Choeph.</strong></span> <span class='ocrx_word' id='word_1_107' title='bbox 2592 1861 2723 1950; x_wconf 64' lang='grc'>145.</span> <span class='ocrx_word' id='word_1_108' title='bbox 2755 1862 2896 1932; x_wconf 81' lang='grc' dir='ltr'>ἡμῖν</span> 
     </span>
    </p>
   </div>
   <div class='ocr_carea' id='block_1_7' title="bbox 699 1954 1702 2033">
    <p class='ocr_par' dir='ltr' id='par_1_7' title="bbox 699 1954 1702 2033">
     <span class='ocr_line' id='line_1_15' title="bbox 699 1954 1702 2033; baseline -0.006 -19"><span class='ocrx_word' id='word_1_109' title='bbox 699 1956 761 2015; x_wconf 84' lang='grc' dir='ltr'>δὲ</span> <span class='ocrx_word' id='word_1_110' title='bbox 788 1954 1002 2033; x_wconf 81' lang='grc' dir='ltr'>πομπὸς</span> <span class='ocrx_word' id='word_1_111' title='bbox 1022 1954 1142 2011; x_wconf 72' lang='grc' dir='ltr'>ἴσθι</span> <span class='ocrx_word' id='word_1_112' title='bbox 1173 1956 1283 2010; x_wconf 75' lang='grc' dir='ltr'>τῶν</span> <span class='ocrx_word' id='word_1_113' title='bbox 1313 1954 1536 2010; x_wconf 75' lang='grc' dir='ltr'>ἐσθλῶν</span> <span class='ocrx_word' id='word_1_114' title='bbox 1564 1955 1702 2010; x_wconf 81' lang='grc' dir='ltr'>ἄνω.</span> 
     </span>
    </p>
   </div>
   <div class='ocr_carea' id='block_1_8' title="bbox 700 2080 2920 3272">
    <p class='ocr_par' dir='ltr' id='par_1_8' title="bbox 700 2080 2920 3272">
     <span class='ocr_line' id='line_1_16' title="bbox 783 2080 2895 2189; baseline -0.004 -23"><span class='ocrx_word' id='word_1_115' title='bbox 783 2110 918 2189; x_wconf 88' lang='grc'>635.</span> <span class='ocrx_word' id='word_1_116' title='bbox 959 2080 1291 2186; x_wconf 47' lang='grc' dir='ltr'>Ἐνερομ</span> <span class='ocrx_word' id='word_1_117' title='bbox 1376 2107 1586 2182; x_wconf 82' lang='lat' dir='ltr'>Inferi.</span> <span class='ocrx_word' id='word_1_118' title='bbox 1657 2105 1810 2163; x_wconf 86' lang='lat' dir='ltr'><strong>idem</strong></span> <span class='ocrx_word' id='word_1_119' title='bbox 1837 2103 1953 2163; x_wconf 86' lang='lat' dir='ltr'><strong>fere</strong></span> <span class='ocrx_word' id='word_1_120' title='bbox 1980 2123 2046 2162; x_wconf 89' lang='lat' dir='ltr'><strong>ac</strong></span> <span class='ocrx_word' id='word_1_121' title='bbox 2083 2105 2434 2182; x_wconf 76' lang='grc' dir='ltr'>ὑποχθόνιοι.</span> <span class='ocrx_word' id='word_1_122' title='bbox 2519 2101 2771 2178; x_wconf 89' lang='lat' dir='ltr'><strong>Etymol.</strong></span> <span class='ocrx_word' id='word_1_123' title='bbox 2802 2101 2895 2159; x_wconf 91' lang='lat' dir='ltr'>M.</span> 
     </span>
     <span class='ocr_line' id='line_1_17' title="bbox 700 2189 2904 2274; baseline -0.003 -21"><span class='ocrx_word' id='word_1_124' title='bbox 700 2217 761 2274; x_wconf 89' lang='lat' dir='ltr'>p.</span> <span class='ocrx_word' id='word_1_125' title='bbox 791 2197 927 2262; x_wconf 87' lang='grc'><strong>340,</strong></span> <span class='ocrx_word' id='word_1_126' title='bbox 963 2195 1018 2256; x_wconf 94' lang='grc'>7.</span> <span class='ocrx_word' id='word_1_127' title='bbox 1072 2191 1322 2265; x_wconf 80' lang='grc' dir='ltr'>”Ειέροι,</span> <span class='ocrx_word' id='word_1_128' title='bbox 1352 2194 1403 2250; x_wconf 77' lang='grc' dir='ltr'>οἱ</span> <span class='ocrx_word' id='word_1_129' title='bbox 1436 2199 1635 2266; x_wconf 85' lang='grc' dir='ltr'>νεκροί.</span> <span class='ocrx_word' id='word_1_130' title='bbox 1680 2193 1792 2250; x_wconf 83' lang='grc' dir='ltr'>ἀπὸ</span> <span class='ocrx_word' id='word_1_131' title='bbox 1834 2197 1932 2250; x_wconf 84' lang='grc' dir='ltr'>τοῦ</span> <span class='ocrx_word' id='word_1_132' title='bbox 1972 2193 2038 2248; x_wconf 76' lang='grc' dir='ltr'>ἐν</span> <span class='ocrx_word' id='word_1_133' title='bbox 2080 2193 2180 2268; x_wconf 75' lang='grc' dir='ltr'>ἔρᾳ</span> <span class='ocrx_word' id='word_1_134' title='bbox 2218 2196 2454 2259; x_wconf 86' lang='grc' dir='ltr'>κεῖσθαι,</span> <span class='ocrx_word' id='word_1_135' title='bbox 2487 2189 2519 2248; x_wconf 83' lang='grc' dir='ltr'>ὅ</span> <span class='ocrx_word' id='word_1_136' title='bbox 2553 2193 2710 2248; x_wconf 82' lang='grc' dir='ltr'>ἐστιν</span> <span class='ocrx_word' id='word_1_137' title='bbox 2739 2192 2804 2246; x_wconf 78' lang='grc' dir='ltr'>ἐν</span> <span class='ocrx_word' id='word_1_138' title='bbox 2833 2195 2904 2271; x_wconf 78' lang='grc' dir='ltr'>τῇ</span> 
     </span>
     <span class='ocr_line' id='line_1_18' title="bbox 702 2280 2901 2368; baseline -0.003 -25"><span class='ocrx_word' id='word_1_139' title='bbox 702 2289 799 2368; x_wconf 78' lang='grc' dir='ltr'>γῇ.</span> <span class='ocrx_word' id='word_1_140' title='bbox 864 2305 962 2342; x_wconf 84' lang='lat' dir='ltr'><strong>seu</strong></span> <span class='ocrx_word' id='word_1_141' title='bbox 1006 2283 1197 2360; x_wconf 85' lang='lat' dir='ltr'><strong>potius</strong></span> <span class='ocrx_word' id='word_1_142' title='bbox 1238 2283 1370 2360; x_wconf 90' lang='lat' dir='ltr'><strong>quia</strong></span> <span class='ocrx_word' id='word_1_143' title='bbox 1409 2285 1663 2342; x_wconf 86' lang='lat' dir='ltr'><strong>manium</strong></span> <span class='ocrx_word' id='word_1_144' title='bbox 1704 2281 2124 2359; x_wconf 81' lang='lat' dir='ltr'><strong>receptaculum</strong></span> <span class='ocrx_word' id='word_1_145' title='bbox 2163 2282 2223 2340; x_wconf 88' lang='lat' dir='ltr'>in</span> <span class='ocrx_word' id='word_1_146' title='bbox 2267 2288 2462 2340; x_wconf 87' lang='lat' dir='ltr'><strong>centro</strong></span> <span class='ocrx_word' id='word_1_147' title='bbox 2508 2290 2676 2339; x_wconf 88' lang='lat' dir='ltr'><strong>terrae</strong></span> <span class='ocrx_word' id='word_1_148' title='bbox 2725 2280 2901 2338; x_wconf 87' lang='lat' dir='ltr'><strong>situm</strong></span> 
     </span>
     <span class='ocr_line' id='line_1_19' title="bbox 700 2373 2900 2452; baseline -0.004 -16"><span class='ocrx_word' id='word_1_149' title='bbox 700 2377 1051 2438; x_wconf 81' lang='lat' dir='ltr'><strong>credebatur.</strong></span> <span class='ocrx_word' id='word_1_150' title='bbox 1136 2373 1230 2431; x_wconf 92' lang='lat' dir='ltr'>Ab</span> <span class='ocrx_word' id='word_1_151' title='bbox 1259 2373 1455 2431; x_wconf 89' lang='lat' dir='ltr'><strong>eodem</strong></span> <span class='ocrx_word' id='word_1_152' title='bbox 1485 2375 1641 2432; x_wconf 84' lang='lat' dir='ltr'><strong>fonte</strong></span> <span class='ocrx_word' id='word_1_153' title='bbox 1669 2374 1824 2432; x_wconf 87' lang='lat' dir='ltr'><strong>venit</strong></span> <span class='ocrx_word' id='word_1_154' title='bbox 1854 2377 2100 2446; x_wconf 73' lang='grc' dir='ltr'>ἔνερθεν,</span> <span class='ocrx_word' id='word_1_155' title='bbox 2132 2381 2488 2432; x_wconf 87' lang='lat' dir='ltr'><strong>contractum</strong></span> <span class='ocrx_word' id='word_1_156' title='bbox 2519 2373 2589 2430; x_wconf 88' lang='lat' dir='ltr'><strong>ab</strong></span> <span class='ocrx_word' id='word_1_157' title='bbox 2619 2375 2900 2452; x_wconf 69' lang='grc' dir='ltr'>ἑνέροθεν,</span> 
     </span>
     <span class='ocr_line' id='line_1_20' title="bbox 700 2463 2905 2542; baseline -0.003 -16"><span class='ocrx_word' id='word_1_158' title='bbox 700 2468 853 2526; x_wconf 86' lang='lat' dir='ltr'><strong>unde</strong></span> <span class='ocrx_word' id='word_1_159' title='bbox 900 2470 1115 2540; x_wconf 82' lang='grc' dir='ltr'>νέρθεν,</span> <span class='ocrx_word' id='word_1_160' title='bbox 1165 2472 1409 2539; x_wconf 81' lang='grc' dir='ltr'>νὲρτερος</span> <span class='ocrx_word' id='word_1_161' title='bbox 1454 2473 1511 2522; x_wconf 91' lang='lat' dir='ltr'><strong>et</strong></span> <span class='ocrx_word' id='word_1_162' title='bbox 1560 2474 1746 2523; x_wconf 86' lang='lat' dir='ltr'><strong>cetera</strong></span> <span class='ocrx_word' id='word_1_163' title='bbox 1787 2464 2044 2542; x_wconf 87' lang='lat' dir='ltr'><strong>ejusdem</strong></span> <span class='ocrx_word' id='word_1_164' title='bbox 2087 2465 2338 2523; x_wconf 81' lang='lat' dir='ltr'><strong>familiae.</strong></span> <span class='ocrx_word' id='word_1_165' title='bbox 2442 2463 2782 2541; x_wconf 84' lang='lat' dir='ltr'><strong>Apollonius</strong></span> <span class='ocrx_word' id='word_1_166' title='bbox 2830 2463 2905 2520; x_wconf 87' lang='lat' dir='ltr'><strong>de</strong></span> 
     </span>
     <span class='ocr_line' id='line_1_21' title="bbox 701 2556 2900 2635; baseline -0.002 -18"><span class='ocrx_word' id='word_1_167' title='bbox 701 2558 952 2617; x_wconf 86' lang='lat' dir='ltr'><strong>Adverb.</strong></span> <span class='ocrx_word' id='word_1_168' title='bbox 973 2579 1031 2635; x_wconf 92' lang='lat' dir='ltr'>p.</span> <span class='ocrx_word' id='word_1_169' title='bbox 1058 2559 1193 2625; x_wconf 82' lang='lat'><strong>603,</strong></span> <span class='ocrx_word' id='word_1_170' title='bbox 1218 2561 1272 2619; x_wconf 91' lang='grc'>7.</span> <span class='ocrx_word' id='word_1_171' title='bbox 1304 2557 1395 2614; x_wconf 90' lang='lat' dir='ltr'>ed.</span> <span class='ocrx_word' id='word_1_172' title='bbox 1418 2557 1666 2615; x_wconf 85' lang='lat' dir='ltr'><strong>Bekker.</strong></span> <span class='ocrx_word' id='word_1_173' title='bbox 1717 2560 1803 2615; x_wconf 82' lang='grc' dir='ltr'>καὶ</span> <span class='ocrx_word' id='word_1_174' title='bbox 1833 2557 1894 2615; x_wconf 82' lang='grc' dir='ltr'>τὸ</span> <span class='ocrx_word' id='word_1_175' title='bbox 1925 2560 2156 2622; x_wconf 80' lang='grc' dir='ltr'>ἔνερθεν</span> <span class='ocrx_word' id='word_1_176' title='bbox 2184 2557 2245 2615; x_wconf 81' lang='grc' dir='ltr'>δὲ</span> <span class='ocrx_word' id='word_1_177' title='bbox 2272 2556 2369 2615; x_wconf 77' lang='grc' dir='ltr'>ὃῦο</span> <span class='ocrx_word' id='word_1_178' title='bbox 2397 2557 2549 2628; x_wconf 79' lang='grc' dir='ltr'>πάθη</span> <span class='ocrx_word' id='word_1_179' title='bbox 2577 2557 2900 2623; x_wconf 74' lang='grc' dir='ltr'>ἀνεδέξατο,</span> 
     </span>
     <span class='ocr_line' id='line_1_22' title="bbox 703 2644 2907 2725; baseline -0.002 -16"><span class='ocrx_word' id='word_1_180' title='bbox 703 2654 995 2723; x_wconf 79' lang='grc' dir='ltr'>συγκοπήν</span> <span class='ocrx_word' id='word_1_181' title='bbox 1040 2674 1101 2707; x_wconf 90' lang='grc' dir='ltr'>τε</span> <span class='ocrx_word' id='word_1_182' title='bbox 1150 2652 1237 2705; x_wconf 83' lang='grc' dir='ltr'>καὶ</span> <span class='ocrx_word' id='word_1_183' title='bbox 1278 2652 1601 2723; x_wconf 77' lang='grc' dir='ltr'>ἀφαίρεσιν.</span> <span class='ocrx_word' id='word_1_184' title='bbox 1665 2644 1737 2719; x_wconf 82' lang='grc' dir='ltr'>ἦν</span> <span class='ocrx_word' id='word_1_185' title='bbox 1785 2650 1896 2722; x_wconf 81' lang='grc' dir='ltr'>γάρ</span> <span class='ocrx_word' id='word_1_186' title='bbox 1937 2674 1989 2707; x_wconf 88' lang='grc' dir='ltr'>τι</span> <span class='ocrx_word' id='word_1_187' title='bbox 2033 2650 2212 2725; x_wconf 81' lang='grc' dir='ltr'>ὄνομα</span> <span class='ocrx_word' id='word_1_188' title='bbox 2252 2650 2315 2708; x_wconf 82' lang='grc' dir='ltr'>τὸ</span> <span class='ocrx_word' id='word_1_189' title='bbox 2359 2652 2575 2725; x_wconf 81' lang='grc' dir='ltr'>ἔνερον,</span> <span class='ocrx_word' id='word_1_190' title='bbox 2618 2649 2712 2724; x_wconf 80' lang='grc' dir='ltr'>ἀφ’</span> <span class='ocrx_word' id='word_1_191' title='bbox 2737 2647 2801 2707; x_wconf 74' lang='grc' dir='ltr'>οὗ</span> <span class='ocrx_word' id='word_1_192' title='bbox 2839 2649 2907 2706; x_wconf 74' lang='grc' dir='ltr'>τό</span> 
     </span>
     <span class='ocr_line' id='line_1_23' title="bbox 701 2737 2910 2820; baseline -0.002 -18"><span class='ocrx_word' id='word_1_193' title='bbox 701 2743 927 2802; x_wconf 78' lang='grc' dir='ltr'>ἐντελὲς</span> <span class='ocrx_word' id='word_1_194' title='bbox 958 2742 1232 2817; x_wconf 79' lang='grc' dir='ltr'>ἑπίῤῥημα</span> <span class='ocrx_word' id='word_1_195' title='bbox 1258 2742 1538 2815; x_wconf 80' lang='grc' dir='ltr'>ἐνέροθεν,</span> <span class='ocrx_word' id='word_1_196' title='bbox 1570 2740 1664 2817; x_wconf 84' lang='grc' dir='ltr'>ἀφ’</span> <span class='ocrx_word' id='word_1_197' title='bbox 1690 2737 1755 2799; x_wconf 74' lang='grc' dir='ltr'>οὗ</span> <span class='ocrx_word' id='word_1_198' title='bbox 1791 2746 1928 2799; x_wconf 82' lang='grc' dir='ltr'>κατὰ</span> <span class='ocrx_word' id='word_1_199' title='bbox 1969 2746 2253 2815; x_wconf 80' lang='grc' dir='ltr'>συγκοπὴν</span> <span class='ocrx_word' id='word_1_200' title='bbox 2289 2744 2775 2820; x_wconf 78' lang='grc' dir='ltr'>ἔνερθεν-σαφὲς</span> <span class='ocrx_word' id='word_1_201' title='bbox 2802 2738 2910 2800; x_wconf 77' lang='grc' dir='ltr'>οὖν</span> 
     </span>
     <span class='ocr_line' id='line_1_24' title="bbox 704 2831 2910 2912; baseline -0.002 -17"><span class='ocrx_word' id='word_1_202' title='bbox 704 2840 787 2895; x_wconf 86' lang='grc' dir='ltr'>ὅτι</span> <span class='ocrx_word' id='word_1_203' title='bbox 836 2838 926 2893; x_wconf 79' lang='grc' dir='ltr'>καὶ</span> <span class='ocrx_word' id='word_1_204' title='bbox 972 2836 1039 2891; x_wconf 80' lang='grc' dir='ltr'>ἐν</span> <span class='ocrx_word' id='word_1_205' title='bbox 1077 2836 1372 2911; x_wconf 78' lang='grc' dir='ltr'>ἀφαιρέσει</span> <span class='ocrx_word' id='word_1_206' title='bbox 1406 2833 1528 2889; x_wconf 76' lang='grc' dir='ltr'>ἐστὶ</span> <span class='ocrx_word' id='word_1_207' title='bbox 1568 2836 1932 2907; x_wconf 81' lang='grc' dir='ltr'>τό-Νέρθεν</span> <span class='ocrx_word' id='word_1_208' title='bbox 1973 2831 2063 2891; x_wconf 73' lang='grc' dir='ltr'>ὑπ’</span> <span class='ocrx_word' id='word_1_209' title='bbox 2092 2834 2449 2912; x_wconf 77' lang='grc' dir='ltr'>ἐγκεφάλοιο.</span> <span class='ocrx_word' id='word_1_210' title='bbox 2534 2833 2750 2907; x_wconf 75' lang='lat' dir='ltr'><strong>Eadem</strong></span> <span class='ocrx_word' id='word_1_211' title='bbox 2789 2833 2910 2891; x_wconf 83' lang='lat' dir='ltr'><strong>fere</strong></span> 
     </span>
     <span class='ocr_line' id='line_1_25' title="bbox 704 2922 2904 3002; baseline -0.001 -18"><span class='ocrx_word' id='word_1_212' title='bbox 704 2926 879 2984; x_wconf 82' lang='lat' dir='ltr'><strong>tradit</strong></span> <span class='ocrx_word' id='word_1_213' title='bbox 906 2923 1233 3002; x_wconf 86' lang='lat' dir='ltr'><strong>Etymolog.</strong></span> <span class='ocrx_word' id='word_1_214' title='bbox 1268 2922 1518 2981; x_wconf 82' lang='lat' dir='ltr'><strong>Gudian.</strong></span> <span class='ocrx_word' id='word_1_215' title='bbox 1558 2925 1686 2991; x_wconf 88' lang='grc'>187,</span> <span class='ocrx_word' id='word_1_216' title='bbox 1719 2926 1817 2985; x_wconf 85' lang='grc'>47.</span> <span class='ocrx_word' id='word_1_217' title='bbox 1863 2924 1962 2982; x_wconf 89' lang='lat' dir='ltr'>ubi</span> <span class='ocrx_word' id='word_1_218' title='bbox 1999 2931 2263 3002; x_wconf 85' lang='lat' dir='ltr'><strong>corrupte</strong></span> <span class='ocrx_word' id='word_1_219' title='bbox 2307 2929 2599 2998; x_wconf 80' lang='grc' dir='ltr'>ἁνέροθεν,</span> <span class='ocrx_word' id='word_1_220' title='bbox 2641 2929 2904 2998; x_wconf 80' lang='grc' dir='ltr'>ἄνερθεν.</span> 
     </span>
     <span class='ocr_line' id='line_1_26' title="bbox 705 3012 2907 3074; baseline -0.001 0"><span class='ocrx_word' id='word_1_221' title='bbox 705 3017 796 3074; x_wconf 83' lang='lat' dir='ltr'><strong>Cf.</strong></span> <span class='ocrx_word' id='word_1_222' title='bbox 830 3014 1124 3072; x_wconf 88' lang='lat' dir='ltr'><strong>Prometh.</strong></span> <span class='ocrx_word' id='word_1_223' title='bbox 1150 3018 1285 3073; x_wconf 88' lang='lat'><strong>589.</strong></span> <span class='ocrx_word' id='word_1_224' title='bbox 1333 3014 1571 3071; x_wconf 86' lang='lat' dir='ltr'><strong>Homer.</strong></span> <span class='ocrx_word' id='word_1_225' title='bbox 1594 3012 1761 3071; x_wconf 85' lang='lat' dir='ltr'><strong>Iliad.</strong></span> <span class='ocrx_word' id='word_1_226' title='bbox 1785 3020 1855 3071; x_wconf 92' lang='grc' dir='ltr'>Ο.</span> <span class='ocrx_word' id='word_1_227' title='bbox 1885 3016 2014 3072; x_wconf 88' lang='grc'><strong>188.</strong></span> <span class='ocrx_word' id='word_1_228' title='bbox 2044 3020 2106 3071; x_wconf 86' lang='grc' dir='ltr'>Υ.</span> <span class='ocrx_word' id='word_1_229' title='bbox 2136 3016 2231 3072; x_wconf 90' lang='grc'>61.</span> <span class='ocrx_word' id='word_1_230' title='bbox 2317 3015 2515 3074; x_wconf 83' lang='lat' dir='ltr'><strong>Minus</strong></span> <span class='ocrx_word' id='word_1_231' title='bbox 2536 3023 2686 3073; x_wconf 86' lang='lat' dir='ltr'><strong>recte</strong></span> <span class='ocrx_word' id='word_1_232' title='bbox 2709 3015 2907 3073; x_wconf 89' lang='lat' dir='ltr'><strong>Schol.</strong></span> 
     </span>
     <span class='ocr_line' id='line_1_27' title="bbox 703 3104 2920 3184; baseline 0 -22"><span class='ocrx_word' id='word_1_233' title='bbox 703 3105 778 3162; x_wconf 85' lang='lat' dir='ltr'><strong>ad</strong></span> <span class='ocrx_word' id='word_1_234' title='bbox 806 3104 974 3163; x_wconf 87' lang='lat' dir='ltr'><strong>Iliad.</strong></span> <span class='ocrx_word' id='word_1_235' title='bbox 1000 3110 1059 3161; x_wconf 92' lang='grc' dir='ltr'>Ζ.</span> <span class='ocrx_word' id='word_1_236' title='bbox 1090 3106 1229 3163; x_wconf 85' lang='grc'>480.</span> <span class='ocrx_word' id='word_1_237' title='bbox 1289 3106 1572 3179; x_wconf 74' lang='grc' dir='ltr'>ἐναρίζειν</span> <span class='ocrx_word' id='word_1_238' title='bbox 1620 3105 1732 3180; x_wconf 78' lang='grc' dir='ltr'>γάρ</span> <span class='ocrx_word' id='word_1_239' title='bbox 1778 3108 1897 3163; x_wconf 80' lang='grc' dir='ltr'>ἐστι</span> <span class='ocrx_word' id='word_1_240' title='bbox 1942 3106 2003 3163; x_wconf 83' lang='grc' dir='ltr'>τὸ</span> <span class='ocrx_word' id='word_1_241' title='bbox 2048 3108 2324 3184; x_wconf 76' lang='grc' dir='ltr'>φονεύειν·</span> <span class='ocrx_word' id='word_1_242' title='bbox 2384 3106 2472 3165; x_wconf 79' lang='grc' dir='ltr'>διὰ</span> <span class='ocrx_word' id='word_1_243' title='bbox 2517 3113 2676 3166; x_wconf 82' lang='grc' dir='ltr'>τοῦτο</span> <span class='ocrx_word' id='word_1_244' title='bbox 2719 3110 2808 3165; x_wconf 87' lang='grc' dir='ltr'>καὶ</span> <span class='ocrx_word' id='word_1_245' title='bbox 2851 3108 2920 3164; x_wconf 82' lang='grc' dir='ltr'>οἴ</span> 
     </span>
     <span class='ocr_line' id='line_1_28' title="bbox 706 3196 1124 3272; baseline 0 -19"><span class='ocrx_word' id='word_1_246' title='bbox 706 3200 885 3272; x_wconf 79' lang='grc' dir='ltr'>νεκροὶ</span> <span class='ocrx_word' id='word_1_247' title='bbox 915 3196 1124 3272; x_wconf 80' lang='grc' dir='ltr'>ἔναροι.</span> 
     </span>
    </p>
   </div>
   <div class='ocr_carea' id='block_1_9' title="bbox 684 3312 2914 4225">
    <p class='ocr_par' dir='ltr' id='par_1_9' title="bbox 684 3312 2914 4225">
     <span class='ocr_line' id='line_1_29' title="bbox 784 3312 2904 3417; baseline 0.002 -23"><span class='ocrx_word' id='word_1_248' title='bbox 784 3338 920 3397; x_wconf 91' lang='grc'>639.</span> <span class='ocrx_word' id='word_1_249' title='bbox 984 3312 1450 3415; x_wconf 75' lang='grc' dir='ltr'>Μακαρῖτης.</span> <span class='ocrx_word' id='word_1_250' title='bbox 1539 3337 1782 3394; x_wconf 64' lang='lat' dir='ltr'><strong>Beatam.</strong></span> <span class='ocrx_word' id='word_1_251' title='bbox 1833 3337 1872 3395; x_wconf 91' lang='lat' dir='ltr'>i.</span> <span class='ocrx_word' id='word_1_252' title='bbox 1921 3358 1971 3395; x_wconf 93' lang='lat' dir='ltr'>e.</span> <span class='ocrx_word' id='word_1_253' title='bbox 2018 3339 2224 3414; x_wconf 78' lang='lat' dir='ltr'><strong>Nuper</strong></span> <span class='ocrx_word' id='word_1_254' title='bbox 2279 3349 2556 3398; x_wconf 67' lang='lat' dir='ltr'><strong>mortuus.</strong></span> <span class='ocrx_word' id='word_1_255' title='bbox 2641 3338 2904 3417; x_wconf 84' lang='lat' dir='ltr'><strong>Hesych.</strong></span> 
     </span>
     <span class='ocr_line' id='line_1_30' title="bbox 704 3418 2914 3503; baseline 0.001 -20"><span class='ocrx_word' id='word_1_256' title='bbox 704 3430 1047 3501; x_wconf 80' lang='grc' dir='ltr'>Μακαρίτης.</span> <span class='ocrx_word' id='word_1_257' title='bbox 1110 3418 1141 3481; x_wconf 82' lang='grc' dir='ltr'><em>ὅ</em></span> <span class='ocrx_word' id='word_1_258' title='bbox 1187 3424 1443 3480; x_wconf 76' lang='grc' dir='ltr'>τεθνεώς.</span> <span class='ocrx_word' id='word_1_259' title='bbox 1498 3418 1528 3480; x_wconf 80' lang='grc' dir='ltr'>ὁ</span> <span class='ocrx_word' id='word_1_260' title='bbox 1576 3426 1860 3502; x_wconf 81' lang='grc' dir='ltr'>μακάριος·</span> <span class='ocrx_word' id='word_1_261' title='bbox 1918 3422 1948 3483; x_wconf 82' lang='grc' dir='ltr'><em>ὃ</em></span> <span class='ocrx_word' id='word_1_262' title='bbox 2000 3430 2206 3500; x_wconf 87' lang='grc' dir='ltr'>νεκρός.</span> <span class='ocrx_word' id='word_1_263' title='bbox 2291 3426 2444 3503; x_wconf 86' lang='lat' dir='ltr'><strong>Lege</strong></span> <span class='ocrx_word' id='word_1_264' title='bbox 2501 3428 2827 3500; x_wconf 82' lang='grc' dir='ltr'>Μακαρίτης</span> <span class='ocrx_word' id='word_1_265' title='bbox 2877 3431 2914 3485; x_wconf 84' lang='grc' dir='ltr'><em>ὁ</em></span> 
     </span>
     <span class='ocr_line' id='line_1_31' title="bbox 702 3514 2905 3588; baseline -0.001 -13"><span class='ocrx_word' id='word_1_266' title='bbox 702 3519 960 3577; x_wconf 81' lang='grc' dir='ltr'>τεθνεώς.</span> <span class='ocrx_word' id='word_1_267' title='bbox 1046 3516 1333 3588; x_wconf 68' lang='grc' dir='ltr'>Μακάριος</span> <span class='ocrx_word' id='word_1_268' title='bbox 1374 3514 1403 3573; x_wconf 86' lang='grc' dir='ltr'>ὁ</span> <span class='ocrx_word' id='word_1_269' title='bbox 1446 3518 1577 3584; x_wconf 76' lang='grc' dir='ltr'>ζῶν,</span> <span class='ocrx_word' id='word_1_270' title='bbox 1610 3536 1679 3573; x_wconf 83' lang='lat' dir='ltr'><strong>ex</strong></span> <span class='ocrx_word' id='word_1_271' title='bbox 1712 3523 1908 3573; x_wconf 83' lang='lat' dir='ltr'><strong>nostro</strong></span> <span class='ocrx_word' id='word_1_272' title='bbox 1947 3515 2266 3574; x_wconf 79' lang='lat' dir='ltr'><strong>Scholiasta</strong></span> <span class='ocrx_word' id='word_1_273' title='bbox 2301 3517 2372 3574; x_wconf 87' lang='lat' dir='ltr'><strong>ad</strong></span> <span class='ocrx_word' id='word_1_274' title='bbox 2408 3517 2469 3575; x_wconf 92' lang='lat' dir='ltr'>h.</span> <span class='ocrx_word' id='word_1_275' title='bbox 2499 3538 2556 3575; x_wconf 81' lang='lat' dir='ltr'>v.</span> <span class='ocrx_word' id='word_1_276' title='bbox 2642 3517 2905 3586; x_wconf 80' lang='lat' dir='ltr'><strong>Photius,</strong></span> 
     </span>
     <span class='ocr_line' id='line_1_32' title="bbox 704 3605 2906 3685; baseline -0.001 -18"><span class='ocrx_word' id='word_1_277' title='bbox 704 3614 1047 3682; x_wconf 74' lang='grc' dir='ltr'>Μηκοιρίτας.</span> <span class='ocrx_word' id='word_1_278' title='bbox 1094 3605 1215 3664; x_wconf 75' lang='grc' dir='ltr'>τοὺς</span> <span class='ocrx_word' id='word_1_279' title='bbox 1266 3612 1617 3676; x_wconf 85' lang='grc' dir='ltr'>τεθνηκότας.</span> <span class='ocrx_word' id='word_1_280' title='bbox 1677 3606 1816 3665; x_wconf 77' lang='grc' dir='ltr'>οὕτω</span> <span class='ocrx_word' id='word_1_281' title='bbox 1871 3608 2210 3680; x_wconf 79' lang='grc' dir='ltr'>Μένανδρος.</span> <span class='ocrx_word' id='word_1_282' title='bbox 2295 3608 2506 3666; x_wconf 84' lang='lat' dir='ltr'><strong>Versus</strong></span> <span class='ocrx_word' id='word_1_283' title='bbox 2547 3609 2702 3685; x_wconf 88' lang='lat' dir='ltr'><strong>apud</strong></span> <span class='ocrx_word' id='word_1_284' title='bbox 2739 3608 2906 3666; x_wconf 86' lang='lat' dir='ltr'><strong>Stob.</strong></span> 
     </span>
     <span class='ocr_line' id='line_1_33' title="bbox 700 3697 2910 3778; baseline 0.002 -23"><span class='ocrx_word' id='word_1_285' title='bbox 700 3720 762 3776; x_wconf 90' lang='lat' dir='ltr'><strong>p.</strong></span> <span class='ocrx_word' id='word_1_286' title='bbox 795 3700 931 3757; x_wconf 87' lang='lat'><strong>699.</strong></span> <span class='ocrx_word' id='word_1_287' title='bbox 976 3700 1095 3753; x_wconf 83' lang='grc' dir='ltr'>Πᾶς</span> <span class='ocrx_word' id='word_1_288' title='bbox 1126 3697 1236 3778; x_wconf 67' lang='grc' dir='ltr'>γᾷρ</span> <span class='ocrx_word' id='word_1_289' title='bbox 1264 3702 1429 3769; x_wconf 84' lang='grc' dir='ltr'>λέγει</span> <span class='ocrx_word' id='word_1_290' title='bbox 1463 3723 1561 3766; x_wconf 84' lang='grc' dir='ltr'>τις,</span> <span class='ocrx_word' id='word_1_291' title='bbox 1592 3698 1623 3757; x_wconf 85' lang='grc' dir='ltr'>ὁ</span> <span class='ocrx_word' id='word_1_292' title='bbox 1653 3704 1954 3776; x_wconf 72' lang='grc' dir='ltr'>μακαρίτης</span> <span class='ocrx_word' id='word_1_293' title='bbox 1990 3702 2229 3777; x_wconf 69' lang='grc' dir='ltr'>οἴχεται,</span> <span class='ocrx_word' id='word_1_294' title='bbox 2260 3700 2322 3757; x_wconf 83' lang='lat' dir='ltr'>in</span> <span class='ocrx_word' id='word_1_295' title='bbox 2348 3700 2601 3777; x_wconf 82' lang='lat' dir='ltr'><strong>margine</strong></span> <span class='ocrx_word' id='word_1_296' title='bbox 2629 3700 2910 3778; x_wconf 85' lang='lat' dir='ltr'><strong>AEsehylo</strong></span> 
     </span>
     <span class='ocr_line' id='line_1_34' title="bbox 702 3786 2906 3869; baseline 0.002 -25"><span class='ocrx_word' id='word_1_297' title='bbox 702 3786 1071 3862; x_wconf 74' lang='lat' dir='ltr'><strong>adsignatur-3</strong></span> <span class='ocrx_word' id='word_1_298' title='bbox 1118 3787 1216 3843; x_wconf 78' lang='lat' dir='ltr'><strong>sed</strong></span> <span class='ocrx_word' id='word_1_299' title='bbox 1253 3806 1369 3843; x_wconf 90' lang='lat' dir='ltr'>non</span> <span class='ocrx_word' id='word_1_300' title='bbox 1407 3787 1645 3845; x_wconf 86' lang='lat' dir='ltr'><strong>dubium</strong></span> <span class='ocrx_word' id='word_1_301' title='bbox 1685 3790 1822 3865; x_wconf 90' lang='lat' dir='ltr'><strong>quin</strong></span> <span class='ocrx_word' id='word_1_302' title='bbox 1852 3790 2073 3849; x_wconf 82' lang='lat' dir='ltr'>Comici</span> <span class='ocrx_word' id='word_1_303' title='bbox 2109 3790 2406 3869; x_wconf 88' lang='lat' dir='ltr'><strong>cujusdam</strong></span> <span class='ocrx_word' id='word_1_304' title='bbox 2435 3792 2527 3849; x_wconf 86' lang='lat' dir='ltr'><strong>sit.</strong></span> <span class='ocrx_word' id='word_1_305' title='bbox 2611 3790 2906 3849; x_wconf 87' lang='lat' dir='ltr'><strong>Theocrit.</strong></span> 
     </span>
     <span class='ocr_line' id='line_1_35' title="bbox 704 3877 2910 3959; baseline 0.002 -25"><span class='ocrx_word' id='word_1_306' title='bbox 704 3877 791 3934; x_wconf 89' lang='grc' dir='ltr'>ῙῙ.</span> <span class='ocrx_word' id='word_1_307' title='bbox 820 3878 913 3939; x_wconf 91' lang='grc'>70.</span> <span class='ocrx_word' id='word_1_308' title='bbox 1000 3883 1352 3954; x_wconf 84' lang='grc' dir='ltr'>Θευχαρίλα,</span> <span class='ocrx_word' id='word_1_309' title='bbox 1386 3882 1624 3953; x_wconf 83' lang='grc' dir='ltr'>Θρᾶσσα</span> <span class='ocrx_word' id='word_1_310' title='bbox 1656 3880 1848 3955; x_wconf 80' lang='grc' dir='ltr'>τροφὸς</span> <span class='ocrx_word' id='word_1_311' title='bbox 1883 3884 1917 3938; x_wconf 82' lang='grc' dir='ltr'><em>ἁ</em></span> <span class='ocrx_word' id='word_1_312' title='bbox 1949 3889 2259 3957; x_wconf 85' lang='grc' dir='ltr'>μακαρῒτις.</span> <span class='ocrx_word' id='word_1_313' title='bbox 2346 3881 2440 3940; x_wconf 80' lang='lat' dir='ltr'>Sic</span> <span class='ocrx_word' id='word_1_314' title='bbox 2476 3881 2631 3959; x_wconf 84' lang='lat' dir='ltr'><strong>apud</strong></span> <span class='ocrx_word' id='word_1_315' title='bbox 2670 3881 2910 3939; x_wconf 71' lang='lat' dir='ltr'><strong>Latino·</strong></span> 
     </span>
     <span class='ocr_line' id='line_1_36' title="bbox 684 3960 2908 4048; baseline 0.002 -25"><span class='ocrx_word' id='word_1_316' title='bbox 684 3967 898 4043; x_wconf 69' lang='lat' dir='ltr'><strong>felices</strong></span> <span class='ocrx_word' id='word_1_317' title='bbox 924 3964 1259 4024; x_wconf 85' lang='lat' dir='ltr'><strong>dicebantur</strong></span> <span class='ocrx_word' id='word_1_318' title='bbox 1288 3968 1516 4025; x_wconf 86' lang='lat' dir='ltr'><strong>mortui.</strong></span> <span class='ocrx_word' id='word_1_319' title='bbox 1586 3967 1722 4026; x_wconf 88' lang='lat' dir='ltr'><strong>Vid.</strong></span> <span class='ocrx_word' id='word_1_320' title='bbox 1749 3960 2012 4047; x_wconf 81' lang='lat' dir='ltr'><strong>Scaliger.</strong></span> <span class='ocrx_word' id='word_1_321' title='bbox 2039 3972 2114 4029; x_wconf 91' lang='lat' dir='ltr'><strong>ad</strong></span> <span class='ocrx_word' id='word_1_322' title='bbox 2133 3972 2372 4029; x_wconf 87' lang='lat' dir='ltr'><strong>Varron.</strong></span> <span class='ocrx_word' id='word_1_323' title='bbox 2395 3992 2456 4048; x_wconf 89' lang='lat' dir='ltr'><strong>p.</strong></span> <span class='ocrx_word' id='word_1_324' title='bbox 2484 3974 2616 4029; x_wconf 85' lang='lat'><strong>124.</strong></span> <span class='ocrx_word' id='word_1_325' title='bbox 2701 3970 2908 4027; x_wconf 87' lang='lat' dir='ltr'><strong>Ruhn-</strong></span> 
     </span>
     <span class='ocr_line' id='line_1_37' title="bbox 699 4057 2912 4139; baseline 0.001 -24"><span class='ocrx_word' id='word_1_326' title='bbox 699 4058 831 4115; x_wconf 91' lang='lat' dir='ltr'><strong>ken.</strong></span> <span class='ocrx_word' id='word_1_327' title='bbox 852 4058 927 4115; x_wconf 86' lang='lat' dir='ltr'><strong>ad</strong></span> <span class='ocrx_word' id='word_1_328' title='bbox 953 4057 1159 4116; x_wconf 83' lang='lat' dir='ltr'><strong>Timaei</strong></span> <span class='ocrx_word' id='word_1_329' title='bbox 1188 4058 1326 4116; x_wconf 89' lang='lat' dir='ltr'><strong>Lex.</strong></span> <span class='ocrx_word' id='word_1_330' title='bbox 1353 4079 1412 4135; x_wconf 92' lang='lat' dir='ltr'><strong>p.</strong></span> <span class='ocrx_word' id='word_1_331' title='bbox 1434 4062 1531 4118; x_wconf 88' lang='grc'>59.</span> <span class='ocrx_word' id='word_1_332' title='bbox 1590 4059 2001 4136; x_wconf 84' lang='lat' dir='ltr'><strong>Wyttenbach.</strong></span> <span class='ocrx_word' id='word_1_333' title='bbox 2021 4062 2096 4121; x_wconf 86' lang='lat' dir='ltr'><strong>ad</strong></span> <span class='ocrx_word' id='word_1_334' title='bbox 2116 4061 2410 4120; x_wconf 85' lang='lat' dir='ltr'><strong>Plutarch.</strong></span> <span class='ocrx_word' id='word_1_335' title='bbox 2438 4061 2610 4120; x_wconf 72' lang='lat' dir='ltr'><strong>Cone.</strong></span> <span class='ocrx_word' id='word_1_336' title='bbox 2634 4061 2708 4120; x_wconf 90' lang='lat' dir='ltr'><strong>ad</strong></span> <span class='ocrx_word' id='word_1_337' title='bbox 2729 4060 2912 4139; x_wconf 91' lang='lat' dir='ltr'><strong>Apol-</strong></span> 
     </span>
     <span class='ocr_line' id='line_1_38' title="bbox 698 4149 1179 4225; baseline 0 -19"><span class='ocrx_word' id='word_1_338' title='bbox 698 4149 815 4206; x_wconf 86' lang='lat' dir='ltr'><strong>lon.</strong></span> <span class='ocrx_word' id='word_1_339' title='bbox 846 4169 905 4225; x_wconf 88' lang='lat' dir='ltr'><strong>p.</strong></span> <span class='ocrx_word' id='word_1_340' title='bbox 945 4154 1075 4207; x_wconf 83' lang='lat'><strong>121.</strong></span> <span class='ocrx_word' id='word_1_341' title='bbox 1107 4149 1179 4206; x_wconf 86' lang='grc' dir='ltr'>Ε.</span> 
     </span>
    </p>
   </div>
   <div class='ocr_carea' id='block_1_10' title="bbox 691 4268 2916 4542">
    <p class='ocr_par' dir='ltr' id='par_1_10' title="bbox 691 4268 2916 4542">
     <span class='ocr_line' id='line_1_39' title="bbox 782 4268 2916 4365; baseline 0.004 -20"><span class='ocrx_word' id='word_1_342' title='bbox 782 4289 917 4346; x_wconf 89' lang='grc'>641.</span> <span class='ocrx_word' id='word_1_343' title='bbox 979 4268 1437 4351; x_wconf 74' lang='grc' dir='ltr'>Παναῖολος.</span> <span class='ocrx_word' id='word_1_344' title='bbox 1513 4291 1801 4365; x_wconf 80' lang='lat' dir='ltr'><strong>Perquam</strong></span> <span class='ocrx_word' id='word_1_345' title='bbox 1828 4294 2108 4351; x_wconf 70' lang='lat' dir='ltr'><strong>variatus.</strong></span> <span class='ocrx_word' id='word_1_346' title='bbox 2137 4293 2179 4354; x_wconf 90' lang='lat' dir='ltr'>i.</span> <span class='ocrx_word' id='word_1_347' title='bbox 2211 4313 2262 4353; x_wconf 92' lang='lat' dir='ltr'>e.</span> <span class='ocrx_word' id='word_1_348' title='bbox 2292 4314 2451 4353; x_wconf 83' lang='lat' dir='ltr'><strong>omne</strong></span> <span class='ocrx_word' id='word_1_349' title='bbox 2479 4295 2916 4353; x_wconf 74' lang='lat' dir='ltr'><strong>lamentationis</strong></span> 
     </span>
     <span class='ocr_line' id='line_1_40' title="bbox 691 4376 2910 4459; baseline 0.004 -28"><span class='ocrx_word' id='word_1_350' title='bbox 691 4394 874 4449; x_wconf 67' lang='lat' dir='ltr'>glenus</span> <span class='ocrx_word' id='word_1_351' title='bbox 900 4376 1293 4449; x_wconf 73' lang='lat' dir='ltr'><strong>complectens.</strong></span> <span class='ocrx_word' id='word_1_352' title='bbox 1353 4376 1609 4455; x_wconf 82' lang='lat' dir='ltr'><strong>Hesych.</strong></span> <span class='ocrx_word' id='word_1_353' title='bbox 1658 4382 1994 4447; x_wconf 82' lang='grc' dir='ltr'>Παναίολος,</span> <span class='ocrx_word' id='word_1_354' title='bbox 2015 4386 2406 4459; x_wconf 79' lang='grc' dir='ltr'>παμποίκιλος.</span> <span class='ocrx_word' id='word_1_355' title='bbox 2465 4381 2706 4438; x_wconf 87' lang='lat' dir='ltr'><strong>Homer.</strong></span> <span class='ocrx_word' id='word_1_356' title='bbox 2734 4379 2910 4440; x_wconf 86' lang='lat' dir='ltr'><strong>Iliad.</strong></span> 
     </span>
     <span class='ocr_line' id='line_1_41' title="bbox 698 4465 1968 4542; baseline 0.005 -21"><span class='ocrx_word' id='word_1_357' title='bbox 698 4465 777 4521; x_wconf 88' lang='lat' dir='ltr'><strong>K.</strong></span> <span class='ocrx_word' id='word_1_358' title='bbox 815 4466 907 4527; x_wconf 92' lang='lat'>77.</span> <span class='ocrx_word' id='word_1_359' title='bbox 957 4466 1078 4539; x_wconf 74' lang='grc' dir='ltr'>Πιίρ</span> <span class='ocrx_word' id='word_1_360' title='bbox 1108 4466 1169 4522; x_wconf 79' lang='grc' dir='ltr'>δὲ</span> <span class='ocrx_word' id='word_1_361' title='bbox 1201 4470 1416 4542; x_wconf 82' lang='grc' dir='ltr'>ζωστὴρ</span> <span class='ocrx_word' id='word_1_362' title='bbox 1448 4472 1593 4525; x_wconf 85' lang='grc' dir='ltr'>κεῖτο</span> <span class='ocrx_word' id='word_1_363' title='bbox 1620 4474 1968 4533; x_wconf 52' lang='grc' dir='ltr'>παναίολος.</span> 
     </span>
    </p>
   </div>
  </div>
 </body>
</html>
