3282 5193
1296 455 1387 507 IN
1423 455 1736 508 PERsAS.
2045 463 2051 468 ·
2478 441 2624 511 155

511 659 647 720 757.
707 629 975 719 Πόνος.
1062 656 1273 714 Labor.
1344 674 1450 733 pro
1478 675 1545 714 eo
1582 656 1739 734 quod
1763 656 1957 714 labore
1981 665 2212 733 partum
2240 665 2364 715 est:
2407 667 2476 716 ut
2502 659 2628 719 ω’δὶς

426 742 713 801 interdum
744 742 953 801 dicitur
968 742 1158 800 infans
1178 741 1278 820 qui
1296 762 1400 818 per
1421 743 1624 801 ὠδῖνας
1646 743 1915 801 nascitur.
1980 743 2306 822 Utrumque
2333 746 2628 825 conjungit

427 834 729 912 Euripides
758 833 1043 892 Phoeniss.
1074 837 1171 892 30.
1228 838 1259 902 ἦ
1290 835 1352 892 δὲ
1380 835 1481 893 τὸν
1510 836 1650 906 ἐμὸν
1680 835 1896 894 ὠδίνων
1921 839 2102 893 πόνον
2132 842 2384 894 Μαστοῖς
2413 839 2624 914 ὑφεῖτο.

428 925 619 984 Orest.
658 927 831 984 1586.
877 924 1105 982 aedificii
1146 925 1497 1004 suggrundia
1538 934 1704 986 vocat
1748 931 2018 986 τεκτόνων
2065 931 2266 986 πόνον.
2353 927 2447 987 Sic
2490 950 2632 1005 opu-³

430 1016 639 1074 dicitur
664 1016 725 1074 id
754 1015 910 1110 quod
937 1035 1107 1093 opere
1135 1017 1404 1075 effectum
1430 1027 1536 1076 est.

515 1159 663 1220 758..
709 1130 1015 1214 Φθάνω.
1095 1157 1429 1215 AntevertO.
1521 1158 1766 1236 occupo,
1853 1160 2094 1218 Homer.
2147 1159 2314 1218 Iliad.
2363 1166 2438 1218 Π.
2491 1163 2628 1218 314.

434 1247 573 1321 ἔφθη
618 1243 967 1322 ὀρεξάμενος,
1001 1244 1173 1318 prior
1214 1246 1441 1317 attiyit.
1528 1245 1619 1304 cf.
1653 1252 1727 1302 A.
1761 1249 1856 1304 51.
1941 1245 2148 1304 Rarius
2185 1246 2304 1304 sine
2332 1244 2632 1322 participio

432 1335 698 1394 occurrit.
778 1334 913 1393 Vid.
944 1335 1265 1393 Hermann.
1290 1335 1363 1392 ad
1380 1334 1573 1412 Viger.
1594 1357 1655 1413 p.
1681 1338 1814 1399 745.
1887 1336 2148 1395 Fischer.
2173 1335 2244 1394 ad
2265 1336 2497 1394 Weller.
2525 1334 2628 1393 Gr.

436 1425 539 1484 Gr.
572 1426 693 1483 III.
723 1446 783 1503 p.
824 1429 955 1486 191.
1038 1422 1279 1501 Anglice
1304 1426 1556 1496 verteris,
1590 1429 1690 1485 the
1707 1447 1857 1504 prey
1885 1431 1962 1504 of
1978 1429 2234 1505 tltefirst
2262 1446 2464 1485 comer.

521 1578 655 1641 760.
720 1554 1069 1659 Θούριος.
1141 1577 1275 1634 Vid.
1307 1596 1478 1654 supra
1513 1581 1647 1642 724.
1735 1580 1846 1638 Per
1872 1577 2063 1640 κακοὺς
2091 1581 2318 1657 ἄνδρας.
2396 1573 2634 1637 Mardo-

440 1668 569 1722 nius
594 1664 873 1722 innuitur.
959 1663 1052 1722 cf.
1085 1663 1367 1721 Herodot.
1399 1664 1576 1722 VIII.
1610 1670 1708 1726 99.

521 1809 655 1870 762.
722 1785 1103 1892 Αἶχμᾶζω.
1194 1809 1395 1867 Hasta
1438 1829 1729 1884 puynare.
1816 1811 2057 1870 Homer.
2110 1809 2276 1868 Iliad.
2348 1816 2418 1868 Δ.
2497 1812 2633 1869 324.

436 1899 650 1974 αὶχμοίς
692 1895 736 1954 δ’
780 1892 1185 1973 αἰχμὶίσσοντα
1237 1898 1516 1973 νεώτεροι.
1629 1897 1856 1975 Nempe
1918 1898 2138 1956 Xerxes
2181 1898 2242 1954 in
2277 1915 2343 1955 eo
2385 1896 2638 1974 AEgisthi

437 1986 635 2045 similis
662 1999 799 2054 erat,
831 1987 931 2065 qui
957 1987 1165 2045 dicitur
1193 1989 1222 2044 ὁ
1254 1985 1356 2044 σὺν
1388 1989 1609 2062 γυναιξὶ
1649 1987 1748 2047 τὰς
1773 1985 1971 2067 μάχας
2010 1989 2337 2066 ποιούμενος
2368 1987 2636 2066 Sophocl.

440 2076 651 2135 Electr.
683 2079 821 2135 302.
905 2077 1016 2136 Cui
1040 2077 1252 2136 idcirco
1280 2079 1559 2155 regeritur
1598 2079 1660 2136 in
1687 2079 1896 2156 Agam.
1935 2081 2105 2142 1676.
2153 2082 2463 2158 Κόμπασον
2507 2081 2638 2154 θαρ·

445 2173 559 2227 σῶν
591 2173 840 2242 ἀλέκτωρ
884 2173 1025 2227 ὥστε
1070 2174 1303 2240 θηλείας
1338 2175 1539 2235 πέλας,
1587 2190 1722 2228 nam
1765 2170 2046 2230 Pindarus
2084 2171 2256 2229 etiam
2297 2170 2442 2228 dixit
2483 2168 2636 2228 ἐνδο-

438 2261 629 2338 μάχας
674 2265 925 2338 ἀλέκτωρ
967 2261 1063 2319 01.
1095 2261 1240 2319 XII.
1276 2265 1373 2320 20.
1458 2262 1650 2330 Quare
1692 2263 1926 2321 minime
1964 2282 2108 2339 opus
2146 2269 2231 2321 est
2277 2270 2345 2320 ut
2389 2259 2639 2319 Stanleio

441 2352 821 2430 obsequamur
846 2353 1143 2430 reponenti
1168 2349 1465 2432 ἀκμάζειν,
1496 2352 1654 2431 quod
1680 2352 1989 2412 antithesin
2014 2352 2295 2430 perderet.

527 2509 659 2570 770.
726 2481 1079 2588 *Taye'cm
1203 2510 1449 2586 Impera.
1572 2507 1827 2590 Verbum
1881 2527 2162 2586 nusquam
2215 2508 2352 2566 alias
2405 2507 2637 2566 offendi.

446 2593 579 2653 Vid.
610 2598 834 2670 ταγεὺω
857 2596 1043 2655 Theb.
1077 2600 1174 2656 58.
1540 2593 1549 2603 ’

446 2742 696 2885 ΙΪῚ17786
723 2720 1347 2824 Οἶακοστροφέω.
1464 2740 1699 2797 Clavum
1773 2759 1950 2797 versv.
2060 2739 2192 2799 vid.
2268 2740 2519 2800 Glossar.
2579 2740 2642 2797 in

542 2846 571 2883 e
617 2870 629 2884 .
704 2830 761 2885 2.

532 2972 663 3049 777.
725 2948 1095 3030 Ἐλαύνω.
1183 2971 1416 3046 Subiqo.
1503 2969 1774 3048 Sophoel.
1811 2967 1946 3029 OEd.
1990 2970 2061 3028 Τ.
2103 2972 2200 3033 27.
2248 2973 2313 3030 ἐν
2355 2972 2399 3029 δ’
2436 2973 2467 3030 ὁ
2505 2997 2637 3049 nvp·

442 3062 600 3134 φόρος
636 3058 758 3117 θεὸς
794 3062 1019 3135 Σκὴψας
1050 3060 1299 3118 ἐλαύνει.
1344 3056 1443 3116 ubi
1484 3056 1858 3135 Musgravius
1891 3057 2110 3115 confert
2148 3057 2546 3135 Apollonidem
2579 3062 2640 3119 in
2760 3118 2769 3124 ,

446 3150 686 3209 Anthol.
716 3171 776 3228 p.
810 3155 905 3213 97.
952 3153 1450 3229 Ξέρξου-στόλος
1475 3148 1734 3208 Ἐλλάδα
1759 3152 1953 3208 πᾶσαν
1967 3150 2289 3210 ἼΙλαυνεν.
2322 3151 2416 3211 Cf.
2447 3154 2584 3214 878.

436 3324 443 3330 -
526 3293 661 3354 779.
725 3268 1015 3350 Ἰθύνω.
1098 3294 1327 3365 niv-190.
1410 3290 1544 3348 vid.
1574 3297 1698 3348 not.
1728 3289 1804 3348 ad
1829 3292 1967 3349 418.

528 3460 663 3521 782.
722 3434 1264 3542 Ἀρταφρένη9.
1352 3456 1515 3514 Idem
1559 3455 1716 3534 quod
1763 3454 2158 3535 Ἀρταφέρνης.
2241 3426 2526 3515 Vid.i10t.
2566 3456 2640 3515 ad

444 3564 499 3601 v.
532 3547 629 3602 21.
680 3543 1014 3613 Scholiasta,
1046 3548 1240 3603 τοῦτον
1266 3542 1595 3603 Ἑλλάνικος
1623 3546 1926 3622 Δαφέρνην
1953 3549 2137 3603 καλεῖ.
2219 3541 2316 3601 An
2333 3543 2639 3622 legendum

350 3672 355 3679 -
443 3639 807 3715 Ἰνταφέρνην
832 3657 903 3696 ex
931 3636 1230 3697 Herodoto
1259 3636 1379 3694 111.
1416 3634 1535 3697 7οΐ

528 3785 659 3846 784.
724 3758 1017 3845 Πάλος.
1105 3783 1263 3841 Sors.
1348 3778 1555 3840 Fusius
1583 3778 1900 3858 explicatur
1932 3780 2006 3838 ad
2031 3779 2216 3839 Theb.
2241 3783 2338 3839 55.

529 3936 661 3997 788.
726 3912 1182 4013 Ἐπιστολή.
1266 3934 1637 3993 Mandatum.
1709 3932 1842 3991 vid.
1878 3933 2130 3993 Glossar.
2161 3932 2223 3990 in
2253 3934 2547 3993 Prometh.
2579 3939 2636 3993 3.

446 4020 764 4079 Grammat.
797 4018 1089 4098 Sangerm.
1119 4040 1216 4097 ap.
1246 4020 1495 4079 Bekker.
1517 4018 1741 4077 Anecd.
1768 4018 1956 4077 Graec.
1983 4019 2036 4077 1.
2055 4039 2115 4097 p.
2137 4021 2274 4082 372.
2303 4018 2513 4079 ’Ἄκουε
2541 4022 2639 4081 τοῖς
2753 4034 2756 4037 ’

445 4111 585 4191 ἐμάς
614 4110 937 4170 ἐπιστολάς·
970 4114 1097 4169 ἀντὶ
1123 4115 1218 4170 τοῦ
1245 4116 1358 4170 τῶν
1386 4113 1539 4189 έμῶν
1567 4112 1902 4169 ἐπιστολῶν.
1932 4108 2100 4168 οὕτως
2129 4110 2434 4187 Αἶσχῦλος.

529 4268 663 4329 799.
719 4244 1290 4348 *ΓΥπέρπ-ωλος.
1374 4268 1568 4325 Nimio
1596 4268 1863 4343 equitatu
1883 4266 2220 4323 instructus.
2293 4264 2485 4325 Schol.
2516 4266 2641 4327 τοὺς

450 4360 791 4415 πολυίππους
826 4360 1063 4429 Πέρσας.

531 4498 666 4555 800.
730 4468 1163 4571 Etim-amr.
1228 4492 1520 4552 Commode
1547 4494 1868 4551 instructus
1895 4493 1978 4550 ad
1988 4493 2480 4570 proficiscendum.
2525 4497 2642 4556 Ex-
