<?xml version="1.0" encoding="UTF-8"?>
<!DOCTYPE html PUBLIC "-//W3C//DTD XHTML 1.0 Transitional//EN"
    "http://www.w3.org/TR/xhtml1/DTD/xhtml1-transitional.dtd">
<html xmlns="http://www.w3.org/1999/xhtml" xml:lang="en" lang="en">
 <head>
  <title>
</title>
<meta http-equiv="Content-Type" content="text/html;charset=utf-8" />
  <meta name='ocr-system' content='tesseract 3.04.00' />
  <meta name='ocr-capabilities' content='ocr_page ocr_carea ocr_par ocr_line ocrx_word'/>
</head>
<body>
  <div class='ocr_page' id='page_1' title='image "./pers00aescgoog_0159.png"; bbox 0 0 3282 5193; ppageno 0'>
   <div class='ocr_carea' id='block_1_1' title="bbox 1302 411 2616 485">
    <p class='ocr_par' dir='ltr' id='par_1_1' title="bbox 1302 411 2616 485">
     <span class='ocr_line' id='line_1_1' title="bbox 1302 411 2616 485; baseline -0.004 0"><span class='ocrx_word' id='word_1_1' title='bbox 1302 431 1393 485; x_wconf 77' lang='lat' dir='ltr'><strong><em>m</em></strong></span> <span class='ocrx_word' id='word_1_2' title='bbox 1430 431 1740 485; x_wconf 75' lang='lat' dir='ltr'><strong>PEnsAs.</strong></span> <span class='ocrx_word' id='word_1_3' title='bbox 2470 411 2616 481; x_wconf 83' lang='lat'>125</span> 
     </span>
    </p>
   </div>
   <div class='ocr_carea' id='block_1_2' title="bbox 425 610 2644 2151">
    <p class='ocr_par' dir='ltr' id='par_1_2' title="bbox 425 610 2644 2151">
     <span class='ocr_line' id='line_1_2' title="bbox 425 610 2620 690; baseline -0.002 -19"><span class='ocrx_word' id='word_1_4' title='bbox 425 615 585 689; x_wconf 79' lang='grc' dir='ltr'>πέριξ</span> <span class='ocrx_word' id='word_1_5' title='bbox 611 617 975 690; x_wconf 79' lang='grc' dir='ltr'>τεθαμμένων</span> <span class='ocrx_word' id='word_1_6' title='bbox 1002 612 1429 688; x_wconf 80' lang='grc' dir='ltr'>ἁνορύσσοντες,</span> <span class='ocrx_word' id='word_1_7' title='bbox 1459 615 1688 671; x_wconf 74' lang='grc' dir='ltr'>ἐκείνοις</span> <span class='ocrx_word' id='word_1_8' title='bbox 1721 615 1775 670; x_wconf 83' lang='grc' dir='ltr'>ές</span> <span class='ocrx_word' id='word_1_9' title='bbox 1813 615 2136 686; x_wconf 81' lang='grc' dir='ltr'>τάναγκαῖα</span> <span class='ocrx_word' id='word_1_10' title='bbox 2166 611 2432 688; x_wconf 75' lang='grc' dir='ltr'>ἐχρῶντο.</span> <span class='ocrx_word' id='word_1_11' title='bbox 2519 610 2620 668; x_wconf 89' lang='lat' dir='ltr'>So-</span> 
     </span>
     <span class='ocr_line' id='line_1_3' title="bbox 426 701 2622 783; baseline -0.002 -22"><span class='ocrx_word' id='word_1_12' title='bbox 426 705 619 783; x_wconf 91' lang='lat' dir='ltr'><strong>phocl.</strong></span> <span class='ocrx_word' id='word_1_13' title='bbox 664 705 798 762; x_wconf 87' lang='lat' dir='ltr'>OEd.</span> <span class='ocrx_word' id='word_1_14' title='bbox 840 703 965 762; x_wconf 89' lang='lat' dir='ltr'><strong>Col.</strong></span> <span class='ocrx_word' id='word_1_15' title='bbox 1004 705 1173 767; x_wconf 78' lang='lat'><strong>1263.</strong></span> <span class='ocrx_word' id='word_1_16' title='bbox 1268 704 1466 781; x_wconf 89' lang='lat' dir='ltr'><strong>OEdipi</strong></span> <span class='ocrx_word' id='word_1_17' title='bbox 1506 705 1829 781; x_wconf 83' lang='lat' dir='ltr'><strong>sepulcrum</strong></span> <span class='ocrx_word' id='word_1_18' title='bbox 1872 711 2038 762; x_wconf 87' lang='lat' dir='ltr'><strong>vocat</strong></span> <span class='ocrx_word' id='word_1_19' title='bbox 2090 707 2280 772; x_wconf 75' lang='grc' dir='ltr'>θήκην</span> <span class='ocrx_word' id='word_1_20' title='bbox 2329 701 2503 778; x_wconf 77' lang='grc' dir='ltr'>ἱεράν,</span> <span class='ocrx_word' id='word_1_21' title='bbox 2550 707 2622 771; x_wconf 79' lang='grc' dir='ltr'>ἦν</span> 
     </span>
     <span class='ocr_line' id='line_1_4' title="bbox 427 794 2622 875; baseline -0.002 -20"><span class='ocrx_word' id='word_1_22' title='bbox 427 803 605 855; x_wconf 86' lang='grc' dir='ltr'>κεῖνος</span> <span class='ocrx_word' id='word_1_23' title='bbox 647 800 791 875; x_wconf 82' lang='grc' dir='ltr'>ἔχει.</span> <span class='ocrx_word' id='word_1_24' title='bbox 874 795 1084 854; x_wconf 82' lang='lat' dir='ltr'><strong>Electr.</strong></span> <span class='ocrx_word' id='word_1_25' title='bbox 1124 798 1263 857; x_wconf 83' lang='lat'><strong>895.</strong></span> <span class='ocrx_word' id='word_1_26' title='bbox 1307 798 1804 875; x_wconf 74' lang='grc' dir='ltr'>ὁρῶ-περιστεφῆ</span> <span class='ocrx_word' id='word_1_27' title='bbox 1843 796 2020 874; x_wconf 77' lang='grc' dir='ltr'>κύκλῳ</span> <span class='ocrx_word' id='word_1_28' title='bbox 2060 795 2304 854; x_wconf 78' lang='grc' dir='ltr'>Πάντων</span> <span class='ocrx_word' id='word_1_29' title='bbox 2345 794 2427 852; x_wconf 83' lang='grc' dir='ltr'>ὄσ’</span> <span class='ocrx_word' id='word_1_30' title='bbox 2468 795 2622 851; x_wconf 77' lang='grc' dir='ltr'>ἐστὶν</span> 
     </span>
     <span class='ocr_line' id='line_1_5' title="bbox 427 886 2619 968; baseline -0.002 -21"><span class='ocrx_word' id='word_1_31' title='bbox 427 891 650 947; x_wconf 79' lang='grc' dir='ltr'>ἀνθέων</span> <span class='ocrx_word' id='word_1_32' title='bbox 690 893 865 958; x_wconf 80' lang='grc' dir='ltr'>θῆκην</span> <span class='ocrx_word' id='word_1_33' title='bbox 906 891 1133 964; x_wconf 86' lang='grc' dir='ltr'>πατρός.</span> <span class='ocrx_word' id='word_1_34' title='bbox 1218 886 1501 946; x_wconf 81' lang='lat' dir='ltr'><strong>Herodot.</strong></span> <span class='ocrx_word' id='word_1_35' title='bbox 1532 888 1618 946; x_wconf 90' lang='lat' dir='ltr'>II.</span> <span class='ocrx_word' id='word_1_36' title='bbox 1654 890 1748 951; x_wconf 90' lang='grc'>67.</span> <span class='ocrx_word' id='word_1_37' title='bbox 1793 886 2068 946; x_wconf 74' lang='grc' dir='ltr'>θάπτουσι</span> <span class='ocrx_word' id='word_1_38' title='bbox 2109 889 2175 943; x_wconf 82' lang='grc' dir='ltr'>έν</span> <span class='ocrx_word' id='word_1_39' title='bbox 2217 887 2361 968; x_wconf 75' lang='grc' dir='ltr'>ἱρῇσι</span> <span class='ocrx_word' id='word_1_40' title='bbox 2399 889 2619 966; x_wconf 76' lang='grc' dir='ltr'>θηκῇσι.</span> 
     </span>
     <span class='ocr_line' id='line_1_6' title="bbox 429 976 2625 1055; baseline -0.003 -18"><span class='ocrx_word' id='word_1_41' title='bbox 429 978 700 1037; x_wconf 87' lang='lat' dir='ltr'><strong>Ceterum</strong></span> <span class='ocrx_word' id='word_1_42' title='bbox 731 977 1116 1055; x_wconf 85' lang='lat' dir='ltr'><strong>sepulcrorum</strong></span> <span class='ocrx_word' id='word_1_43' title='bbox 1144 985 1508 1055; x_wconf 87' lang='lat' dir='ltr'><strong>paternorum</strong></span> <span class='ocrx_word' id='word_1_44' title='bbox 1528 979 1744 1036; x_wconf 89' lang='lat' dir='ltr'><strong>mentio</strong></span> <span class='ocrx_word' id='word_1_45' title='bbox 1764 976 1824 1034; x_wconf 89' lang='lat' dir='ltr'><strong>in</strong></span> <span class='ocrx_word' id='word_1_46' title='bbox 1849 976 2181 1055; x_wconf 85' lang='lat' dir='ltr'><strong>hujusmodi</strong></span> <span class='ocrx_word' id='word_1_47' title='bbox 2205 976 2625 1034; x_wconf 78' lang='lat' dir='ltr'><strong>hortationibus</strong></span> 
     </span>
     <span class='ocr_line' id='line_1_7' title="bbox 431 1057 2628 1146; baseline -0.002 -19"><span class='ocrx_word' id='word_1_48' title='bbox 431 1069 679 1129; x_wconf 84' lang='lat' dir='ltr'><strong>solennis</strong></span> <span class='ocrx_word' id='word_1_49' title='bbox 706 1068 838 1127; x_wconf 84' lang='lat' dir='ltr'><strong>fuit.</strong></span> <span class='ocrx_word' id='word_1_50' title='bbox 924 1068 1155 1146; x_wconf 75' lang='lat' dir='ltr'><strong>Scythae</strong></span> <span class='ocrx_word' id='word_1_51' title='bbox 1182 1068 1330 1126; x_wconf 88' lang='lat' dir='ltr'><strong>inter</strong></span> <span class='ocrx_word' id='word_1_52' title='bbox 1357 1069 1466 1126; x_wconf 81' lang='lat' dir='ltr'><strong>alia</strong></span> <span class='ocrx_word' id='word_1_53' title='bbox 1500 1068 1612 1127; x_wconf 90' lang='lat' dir='ltr'>hoc</span> <span class='ocrx_word' id='word_1_54' title='bbox 1639 1057 1819 1126; x_wconf 69' lang='lat' dir='ltr'>etiam¹</span> <span class='ocrx_word' id='word_1_55' title='bbox 1839 1067 2014 1126; x_wconf 81' lang='lat' dir='ltr'><strong>Dario</strong></span> <span class='ocrx_word' id='word_1_56' title='bbox 2046 1066 2479 1146; x_wconf 82' lang='lat' dir='ltr'><strong>respondebant,</strong></span> <span class='ocrx_word' id='word_1_57' title='bbox 2509 1066 2628 1123; x_wconf 91' lang='lat' dir='ltr'><strong>He-</strong></span> 
     </span>
     <span class='ocr_line' id='line_1_8' title="bbox 432 1159 2626 1237; baseline -0.001 -20"><span class='ocrx_word' id='word_1_58' title='bbox 432 1160 617 1219; x_wconf 86' lang='lat' dir='ltr'><strong>rodot.</strong></span> <span class='ocrx_word' id='word_1_59' title='bbox 648 1160 791 1218; x_wconf 88' lang='lat' dir='ltr'><strong>VII.</strong></span> <span class='ocrx_word' id='word_1_60' title='bbox 828 1162 961 1221; x_wconf 85' lang='lat'><strong>127.</strong></span> <span class='ocrx_word' id='word_1_61' title='bbox 1027 1163 1077 1218; x_wconf 75' lang='grc' dir='ltr'>εἰ</span> <span class='ocrx_word' id='word_1_62' title='bbox 1120 1159 1182 1217; x_wconf 85' lang='grc' dir='ltr'>δὲ</span> <span class='ocrx_word' id='word_1_63' title='bbox 1209 1159 1324 1218; x_wconf 83' lang='grc' dir='ltr'>δέοι</span> <span class='ocrx_word' id='word_1_64' title='bbox 1352 1163 1571 1218; x_wconf 76' lang='grc' dir='ltr'>πάντως</span> <span class='ocrx_word' id='word_1_65' title='bbox 1601 1163 1658 1218; x_wconf 79' lang='grc' dir='ltr'>ἐς</span> <span class='ocrx_word' id='word_1_66' title='bbox 1686 1166 1844 1219; x_wconf 86' lang='grc' dir='ltr'>τοῦτο</span> <span class='ocrx_word' id='word_1_67' title='bbox 1874 1165 2015 1219; x_wconf 83' lang='grc' dir='ltr'>κατὰ</span> <span class='ocrx_word' id='word_1_68' title='bbox 2041 1163 2212 1237; x_wconf 82' lang='grc' dir='ltr'>τάχος</span> <span class='ocrx_word' id='word_1_69' title='bbox 2239 1163 2626 1226; x_wconf 81' lang='grc' dir='ltr'>ἆπικνεέσθαι,</span> 
     </span>
     <span class='ocr_line' id='line_1_9' title="bbox 435 1251 2626 1330; baseline -0.002 -20"><span class='ocrx_word' id='word_1_70' title='bbox 435 1254 790 1330; x_wconf 82' lang='grc' dir='ltr'>τυγχάνουσι</span> <span class='ocrx_word' id='word_1_71' title='bbox 828 1255 963 1330; x_wconf 83' lang='grc' dir='ltr'>ἡμῖν</span> <span class='ocrx_word' id='word_1_72' title='bbox 998 1253 1188 1310; x_wconf 77' lang='grc' dir='ltr'>ἐόντες</span> <span class='ocrx_word' id='word_1_73' title='bbox 1229 1251 1391 1328; x_wconf 77' lang='grc' dir='ltr'>τάφοι</span> <span class='ocrx_word' id='word_1_74' title='bbox 1425 1255 1712 1327; x_wconf 73' lang='grc' dir='ltr'>πατρώϊοι·</span> <span class='ocrx_word' id='word_1_75' title='bbox 1757 1257 1973 1328; x_wconf 86' lang='grc' dir='ltr'>φέρετε,</span> <span class='ocrx_word' id='word_1_76' title='bbox 2017 1251 2238 1309; x_wconf 91' lang='grc' dir='ltr'>τούτους</span> <span class='ocrx_word' id='word_1_77' title='bbox 2277 1253 2626 1326; x_wconf 81' lang='grc' dir='ltr'>ἀνευρόντες,</span> 
     </span>
     <span class='ocr_line' id='line_1_10' title="bbox 438 1345 2630 1422; baseline -0 -22"><span class='ocrx_word' id='word_1_78' title='bbox 438 1349 715 1422; x_wconf 85' lang='grc' dir='ltr'>συγχέειν</span> <span class='ocrx_word' id='word_1_79' title='bbox 747 1347 1012 1416; x_wconf 80' lang='grc' dir='ltr'>πειρᾶσθε</span> <span class='ocrx_word' id='word_1_80' title='bbox 1045 1347 1260 1402; x_wconf 77' lang='grc' dir='ltr'>αὺτούς·</span> <span class='ocrx_word' id='word_1_81' title='bbox 1308 1348 1396 1401; x_wconf 85' lang='grc' dir='ltr'>καὶ</span> <span class='ocrx_word' id='word_1_82' title='bbox 1432 1347 1726 1416; x_wconf 78' lang='grc' dir='ltr'>γνώσεσθε</span> <span class='ocrx_word' id='word_1_83' title='bbox 1758 1347 1904 1412; x_wconf 79' lang='grc' dir='ltr'>τότε,</span> <span class='ocrx_word' id='word_1_84' title='bbox 1942 1345 2059 1401; x_wconf 74' lang='grc' dir='ltr'>εἴτε</span> <span class='ocrx_word' id='word_1_85' title='bbox 2091 1345 2226 1421; x_wconf 80' lang='grc' dir='ltr'>ὑμῖν</span> <span class='ocrx_word' id='word_1_86' title='bbox 2254 1346 2630 1420; x_wconf 81' lang='grc' dir='ltr'>μαχησόμεθα</span> 
     </span>
     <span class='ocr_line' id='line_1_11' title="bbox 437 1433 2629 1514; baseline 0 -22"><span class='ocrx_word' id='word_1_87' title='bbox 437 1439 565 1510; x_wconf 82' lang='grc' dir='ltr'>περὶ</span> <span class='ocrx_word' id='word_1_88' title='bbox 592 1441 703 1494; x_wconf 81' lang='grc' dir='ltr'>τῶν</span> <span class='ocrx_word' id='word_1_89' title='bbox 734 1439 940 1513; x_wconf 76' lang='grc' dir='ltr'>ταφῶν,</span> <span class='ocrx_word' id='word_1_90' title='bbox 973 1437 1089 1492; x_wconf 73' lang='grc' dir='ltr'>εἴτε</span> <span class='ocrx_word' id='word_1_91' title='bbox 1119 1437 1204 1492; x_wconf 83' lang='grc' dir='ltr'>καὶ</span> <span class='ocrx_word' id='word_1_92' title='bbox 1232 1440 1309 1512; x_wconf 80' lang='grc' dir='ltr'>μὴ</span> <span class='ocrx_word' id='word_1_93' title='bbox 1335 1439 1737 1513; x_wconf 86' lang='grc' dir='ltr'>μαχησόμεθα.</span> <span class='ocrx_word' id='word_1_94' title='bbox 1782 1434 2076 1493; x_wconf 82' lang='lat' dir='ltr'>Charisius</span> <span class='ocrx_word' id='word_1_95' title='bbox 2097 1434 2252 1512; x_wconf 82' lang='lat' dir='ltr'><strong>apud</strong></span> <span class='ocrx_word' id='word_1_96' title='bbox 2270 1433 2452 1492; x_wconf 86' lang='lat' dir='ltr'><strong>Rutil.</strong></span> <span class='ocrx_word' id='word_1_97' title='bbox 2478 1434 2629 1514; x_wconf 87' lang='lat' dir='ltr'><strong>Lup.</strong></span> 
     </span>
     <span class='ocr_line' id='line_1_12' title="bbox 438 1526 2634 1602; baseline 0 -19"><span class='ocrx_word' id='word_1_98' title='bbox 438 1543 499 1602; x_wconf 89' lang='lat' dir='ltr'>p.</span> <span class='ocrx_word' id='word_1_99' title='bbox 526 1528 622 1584; x_wconf 90' lang='lat'>98.</span> <span class='ocrx_word' id='word_1_100' title='bbox 672 1526 985 1584; x_wconf 76' lang='lat' dir='ltr'><strong>obsecrare</strong></span> <span class='ocrx_word' id='word_1_101' title='bbox 993 1546 1110 1601; x_wconf 79' lang='lat' dir='ltr'>pro</span> <span class='ocrx_word' id='word_1_102' title='bbox 1136 1529 1319 1583; x_wconf 68' lang='lat' dir='ltr'><strong>sacris</strong></span> <span class='ocrx_word' id='word_1_103' title='bbox 1340 1547 1407 1584; x_wconf 84' lang='lat' dir='ltr'>ac</span> <span class='ocrx_word' id='word_1_104' title='bbox 1427 1527 1682 1584; x_wconf 75' lang='lat' dir='ltr'><strong>delubris</strong></span> <span class='ocrx_word' id='word_1_105' title='bbox 1708 1529 1940 1584; x_wconf 73' lang='lat' dir='ltr'>deorum</span> <span class='ocrx_word' id='word_1_106' title='bbox 1965 1527 2383 1594; x_wconf 80' lang='lat' dir='ltr'>immortalium,</span> <span class='ocrx_word' id='word_1_107' title='bbox 2405 1546 2512 1602; x_wconf 82' lang='lat' dir='ltr'>pro</span> <span class='ocrx_word' id='word_1_108' title='bbox 2520 1545 2634 1601; x_wconf 80' lang='lat' dir='ltr'>pa-</span> 
     </span>
     <span class='ocr_line' id='line_1_13' title="bbox 442 1616 2632 1693; baseline 0.001 -22"><span class='ocrx_word' id='word_1_109' title='bbox 442 1622 667 1672; x_wconf 78' lang='lat' dir='ltr'><strong>rentum</strong></span> <span class='ocrx_word' id='word_1_110' title='bbox 692 1618 1079 1684; x_wconf 74' lang='lat' dir='ltr'>monumentis,</span> <span class='ocrx_word' id='word_1_111' title='bbox 1092 1637 1209 1692; x_wconf 77' lang='lat' dir='ltr'>pro</span> <span class='ocrx_word' id='word_1_112' title='bbox 1229 1618 1542 1693; x_wconf 70' lang='lat' dir='ltr'>vobisipsis</span> <span class='ocrx_word' id='word_1_113' title='bbox 1570 1625 1627 1675; x_wconf 81' lang='lat' dir='ltr'><strong>et</strong></span> <span class='ocrx_word' id='word_1_114' title='bbox 1649 1618 1839 1674; x_wconf 74' lang='lat' dir='ltr'><strong>salute</strong></span> <span class='ocrx_word' id='word_1_115' title='bbox 1864 1623 2077 1675; x_wconf 71' lang='lat' dir='ltr'><strong>vestra.</strong></span> <span class='ocrx_word' id='word_1_116' title='bbox 2123 1617 2355 1675; x_wconf 81' lang='lat' dir='ltr'><strong>Sallust.</strong></span> <span class='ocrx_word' id='word_1_117' title='bbox 2385 1617 2454 1675; x_wconf 91' lang='lat' dir='ltr'>B.</span> <span class='ocrx_word' id='word_1_118' title='bbox 2479 1618 2548 1675; x_wconf 85' lang='lat' dir='ltr'>C.</span> <span class='ocrx_word' id='word_1_119' title='bbox 2577 1616 2632 1674; x_wconf 88' lang='grc'>6.</span> 
     </span>
     <span class='ocr_line' id='line_1_14' title="bbox 439 1707 2634 1784; baseline 0.001 -22"><span class='ocrx_word' id='word_1_120' title='bbox 439 1724 500 1781; x_wconf 87' lang='lat' dir='ltr'>p.</span> <span class='ocrx_word' id='word_1_121' title='bbox 526 1708 623 1764; x_wconf 88' lang='lat'>28.</span> <span class='ocrx_word' id='word_1_122' title='bbox 684 1707 855 1764; x_wconf 71' lang='lat' dir='ltr'>Alius</span> <span class='ocrx_word' id='word_1_123' title='bbox 874 1708 1049 1765; x_wconf 81' lang='lat' dir='ltr'>alium</span> <span class='ocrx_word' id='word_1_124' title='bbox 1074 1709 1318 1777; x_wconf 74' lang='lat' dir='ltr'>hortari,</span> <span class='ocrx_word' id='word_1_125' title='bbox 1343 1709 1601 1766; x_wconf 71' lang='lat' dir='ltr'>hostibus</span> <span class='ocrx_word' id='word_1_126' title='bbox 1625 1708 1844 1766; x_wconf 80' lang='lat' dir='ltr'>obviam</span> <span class='ocrx_word' id='word_1_127' title='bbox 1863 1709 1967 1776; x_wconf 80' lang='lat' dir='ltr'><strong>ire,</strong></span> <span class='ocrx_word' id='word_1_128' title='bbox 1993 1709 2336 1776; x_wconf 83' lang='lat' dir='ltr'><strong>libertatem,</strong></span> <span class='ocrx_word' id='word_1_129' title='bbox 2349 1709 2634 1784; x_wconf 78' lang='lat' dir='ltr'>patriam,</span> 
     </span>
     <span class='ocr_line' id='line_1_15' title="bbox 429 1798 2634 1878; baseline 0.001 -25"><span class='ocrx_word' id='word_1_130' title='bbox 429 1805 815 1875; x_wconf 74' lang='lat' dir='ltr'><strong>parentesque</strong></span> <span class='ocrx_word' id='word_1_131' title='bbox 842 1800 1016 1856; x_wconf 75' lang='lat' dir='ltr'>armis</span> <span class='ocrx_word' id='word_1_132' title='bbox 1044 1806 1252 1873; x_wconf 71' lang='lat' dir='ltr'><strong>teyere.</strong></span> <span class='ocrx_word' id='word_1_133' title='bbox 1334 1799 1601 1858; x_wconf 83' lang='lat' dir='ltr'><strong>Similiter</strong></span> <span class='ocrx_word' id='word_1_134' title='bbox 1620 1799 1739 1858; x_wconf 87' lang='lat' dir='ltr'><strong>fere</strong></span> <span class='ocrx_word' id='word_1_135' title='bbox 1756 1799 1952 1858; x_wconf 79' lang='lat' dir='ltr'><strong>Nicias</strong></span> <span class='ocrx_word' id='word_1_136' title='bbox 1976 1819 2068 1878; x_wconf 87' lang='lat' dir='ltr'>ap.</span> <span class='ocrx_word' id='word_1_137' title='bbox 2086 1799 2351 1877; x_wconf 84' lang='lat' dir='ltr'><strong>Thucyd.</strong></span> <span class='ocrx_word' id='word_1_138' title='bbox 2372 1798 2513 1857; x_wconf 91' lang='lat' dir='ltr'><strong>VII.</strong></span> <span class='ocrx_word' id='word_1_139' title='bbox 2537 1800 2634 1858; x_wconf 87' lang='lat'>69.</span> 
     </span>
     <span class='ocr_line' id='line_1_16' title="bbox 444 1888 2640 1969; baseline 0.001 -23"><span class='ocrx_word' id='word_1_140' title='bbox 444 1888 664 1947; x_wconf 72' lang='lat' dir='ltr'><strong>sistitur</strong></span> <span class='ocrx_word' id='word_1_141' title='bbox 697 1895 855 1948; x_wconf 72' lang='grc' dir='ltr'>ἄλλα</span> <span class='ocrx_word' id='word_1_142' title='bbox 887 1915 950 1948; x_wconf 91' lang='grc' dir='ltr'>τε</span> <span class='ocrx_word' id='word_1_143' title='bbox 982 1895 1196 1964; x_wconf 85' lang='grc' dir='ltr'>λέγων,</span> <span class='ocrx_word' id='word_1_144' title='bbox 1232 1891 1341 1949; x_wconf 82' lang='grc' dir='ltr'>ὅσα</span> <span class='ocrx_word' id='word_1_145' title='bbox 1378 1894 1444 1948; x_wconf 84' lang='grc' dir='ltr'>έν</span> <span class='ocrx_word' id='word_1_146' title='bbox 1476 1895 1554 1969; x_wconf 74' lang='grc' dir='ltr'>τῷ</span> <span class='ocrx_word' id='word_1_147' title='bbox 1584 1891 1807 1968; x_wconf 73' lang='grc' dir='ltr'>τοιούτῳ</span> <span class='ocrx_word' id='word_1_148' title='bbox 1840 1889 1944 1960; x_wconf 82' lang='grc' dir='ltr'>ἤδη</span> <span class='ocrx_word' id='word_1_149' title='bbox 1982 1896 2077 1948; x_wconf 87' lang='grc' dir='ltr'>τοῦ</span> <span class='ocrx_word' id='word_1_150' title='bbox 2114 1893 2302 1968; x_wconf 83' lang='grc' dir='ltr'>καιροῦ</span> <span class='ocrx_word' id='word_1_151' title='bbox 2342 1891 2499 1949; x_wconf 84' lang='grc' dir='ltr'>ὄντες</span> <span class='ocrx_word' id='word_1_152' title='bbox 2539 1891 2640 1948; x_wconf 78' lang='grc' dir='ltr'>ἄν·</span> 
     </span>
     <span class='ocr_line' id='line_1_17' title="bbox 444 1982 2638 2060; baseline 0.001 -22"><span class='ocrx_word' id='word_1_153' title='bbox 444 1983 672 2054; x_wconf 82' lang='grc' dir='ltr'>θρωποι,</span> <span class='ocrx_word' id='word_1_154' title='bbox 702 1985 767 2039; x_wconf 77' lang='grc' dir='ltr'>οὗ</span> <span class='ocrx_word' id='word_1_155' title='bbox 795 1983 927 2057; x_wconf 84' lang='grc' dir='ltr'>πρὸς</span> <span class='ocrx_word' id='word_1_156' title='bbox 961 1982 1023 2039; x_wconf 87' lang='grc' dir='ltr'>τὸ</span> <span class='ocrx_word' id='word_1_157' title='bbox 1058 1983 1239 2040; x_wconf 86' lang='grc' dir='ltr'>δοκεῖν</span> <span class='ocrx_word' id='word_1_158' title='bbox 1272 1986 1379 2040; x_wconf 82' lang='grc' dir='ltr'>τινὶ</span> <span class='ocrx_word' id='word_1_159' title='bbox 1411 1987 1822 2060; x_wconf 78' lang='grc' dir='ltr'>ἀρχαιολογεῖν</span> <span class='ocrx_word' id='word_1_160' title='bbox 1855 1982 2259 2058; x_wconf 77' lang='grc' dir='ltr'>φυλαξάμενοι,</span> <span class='ocrx_word' id='word_1_161' title='bbox 2295 1983 2513 2040; x_wconf 71' lang='grc' dir='ltr'>εἴποιεν</span> <span class='ocrx_word' id='word_1_162' title='bbox 2545 1985 2638 2052; x_wconf 79' lang='grc' dir='ltr'>ἄν,</span> 
     </span>
     <span class='ocr_line' id='line_1_18' title="bbox 448 2073 2644 2151; baseline 0.001 -23"><span class='ocrx_word' id='word_1_163' title='bbox 448 2076 541 2129; x_wconf 86' lang='grc' dir='ltr'>και</span> <span class='ocrx_word' id='word_1_164' title='bbox 574 2074 716 2148; x_wconf 81' lang='grc' dir='ltr'>υπὲρ</span> <span class='ocrx_word' id='word_1_165' title='bbox 747 2073 1016 2131; x_wconf 80' lang='grc' dir='ltr'>ἁπάντων</span> <span class='ocrx_word' id='word_1_166' title='bbox 1043 2078 1433 2151; x_wconf 78' lang='grc' dir='ltr'>παραπλήσια,</span> <span class='ocrx_word' id='word_1_167' title='bbox 1471 2077 1526 2132; x_wconf 84' lang='grc' dir='ltr'>ες</span> <span class='ocrx_word' id='word_1_168' title='bbox 1571 2099 1635 2132; x_wconf 88' lang='grc' dir='ltr'>τε</span> <span class='ocrx_word' id='word_1_169' title='bbox 1669 2081 1939 2148; x_wconf 75' lang='grc' dir='ltr'>γυναῖκας</span> <span class='ocrx_word' id='word_1_170' title='bbox 1983 2097 2068 2132; x_wconf 86' lang='grc' dir='ltr'>και</span> <span class='ocrx_word' id='word_1_171' title='bbox 2109 2074 2312 2133; x_wconf 83' lang='grc' dir='ltr'>παιδας</span> <span class='ocrx_word' id='word_1_172' title='bbox 2356 2078 2444 2134; x_wconf 84' lang='grc' dir='ltr'>καὶ</span> <span class='ocrx_word' id='word_1_173' title='bbox 2487 2073 2644 2132; x_wconf 88' lang='grc' dir='ltr'>θεους</span> 
     </span>
    </p>
   </div>
   <div class='ocr_carea' id='block_1_3' title="bbox 448 2162 2648 2335">
    <p class='ocr_par' dir='ltr' id='par_1_3' title="bbox 448 2162 2648 2335">
     <span class='ocr_line' id='line_1_19' title="bbox 448 2162 2646 2277; baseline 0.001 -57"><span class='ocrx_word' id='word_1_174' title='bbox 448 2162 735 2277; x_wconf 74' lang='grc' dir='ltr'>πατρῴους</span> <span class='ocrx_word' id='word_1_175' title='bbox 767 2168 1177 2242; x_wconf 82' lang='grc' dir='ltr'>προφερόμενα,</span> <span class='ocrx_word' id='word_1_176' title='bbox 1212 2166 1344 2223; x_wconf 82' lang='grc' dir='ltr'>ἀλλ’</span> <span class='ocrx_word' id='word_1_177' title='bbox 1377 2167 1470 2222; x_wconf 77' lang='grc' dir='ltr'>ἐπὶ</span> <span class='ocrx_word' id='word_1_178' title='bbox 1503 2171 1572 2246; x_wconf 77' lang='grc' dir='ltr'>τῇ</span> <span class='ocrx_word' id='word_1_179' title='bbox 1602 2166 1856 2248; x_wconf 77' lang='grc' dir='ltr'>παρούσῃ</span> <span class='ocrx_word' id='word_1_180' title='bbox 1900 2167 2161 2235; x_wconf 75' lang='grc' dir='ltr'>ἐκπλήξει</span> <span class='ocrx_word' id='word_1_181' title='bbox 2203 2171 2458 2245; x_wconf 79' lang='grc' dir='ltr'>ὠφέλιμα</span> <span class='ocrx_word' id='word_1_182' title='bbox 2493 2171 2646 2242; x_wconf 83' lang='grc' dir='ltr'>νομί-</span> 
     </span>
     <span class='ocr_line' id='line_1_20' title="bbox 455 2237 2648 2335; baseline 0.002 -23"><span class='ocrx_word' id='word_1_183' title='bbox 455 2259 650 2324; x_wconf 82' lang='grc' dir='ltr'>ζοντες</span> <span class='ocrx_word' id='word_1_184' title='bbox 690 2237 1054 2330; x_wconf 78' lang='grc' dir='ltr'>επιβοῶνται.</span> <span class='ocrx_word' id='word_1_185' title='bbox 1136 2255 1375 2314; x_wconf 86' lang='lat' dir='ltr'><strong>Homer.</strong></span> <span class='ocrx_word' id='word_1_186' title='bbox 1415 2255 1581 2314; x_wconf 79' lang='lat' dir='ltr'><strong>Iliad.</strong></span> <span class='ocrx_word' id='word_1_187' title='bbox 1612 2254 1688 2314; x_wconf 91' lang='grc' dir='ltr'>Ο.</span> <span class='ocrx_word' id='word_1_188' title='bbox 1716 2257 1852 2314; x_wconf 88' lang='grc'><strong>663.</strong></span> <span class='ocrx_word' id='word_1_189' title='bbox 1883 2259 1964 2315; x_wconf 80' lang='grc' dir='ltr'>ἔτι</span> <span class='ocrx_word' id='word_1_190' title='bbox 1994 2257 2054 2314; x_wconf 83' lang='grc' dir='ltr'>δὲ</span> <span class='ocrx_word' id='word_1_191' title='bbox 2085 2260 2382 2335; x_wconf 77' lang='grc' dir='ltr'>μνήσασθε</span> <span class='ocrx_word' id='word_1_192' title='bbox 2424 2261 2648 2317; x_wconf 80' lang='grc' dir='ltr'>ἕκαστος</span> 
     </span>
    </p>
   </div>
   <div class='ocr_carea' id='block_1_4' title="bbox 450 2346 2644 2516">
    <p class='ocr_par' dir='ltr' id='par_1_4' title="bbox 450 2346 2644 2516">
     <span class='ocr_line' id='line_1_21' title="bbox 454 2346 2644 2426; baseline 0.001 -22"><span class='ocrx_word' id='word_1_193' title='bbox 454 2346 683 2406; x_wconf 84' lang='grc' dir='ltr'>Παίδων</span> <span class='ocrx_word' id='word_1_194' title='bbox 727 2347 807 2417; x_wconf 80' lang='grc' dir='ltr'>ἠδ’</span> <span class='ocrx_word' id='word_1_195' title='bbox 850 2351 1106 2426; x_wconf 81' lang='grc' dir='ltr'>ἀλόχων,</span> <span class='ocrx_word' id='word_1_196' title='bbox 1145 2370 1234 2405; x_wconf 85' lang='grc' dir='ltr'>και</span> <span class='ocrx_word' id='word_1_197' title='bbox 1279 2351 1511 2416; x_wconf 77' lang='grc' dir='ltr'>κτήσιος,</span> <span class='ocrx_word' id='word_1_198' title='bbox 1551 2347 1650 2417; x_wconf 86' lang='grc' dir='ltr'>ἠδὲ</span> <span class='ocrx_word' id='word_1_199' title='bbox 1688 2351 1915 2416; x_wconf 74' lang='grc' dir='ltr'>τοκήων.</span> <span class='ocrx_word' id='word_1_200' title='bbox 1997 2347 2201 2426; x_wconf 82' lang='lat' dir='ltr'><strong>Virgil.</strong></span> <span class='ocrx_word' id='word_1_201' title='bbox 2233 2349 2365 2408; x_wconf 85' lang='lat' dir='ltr'>AEn.</span> <span class='ocrx_word' id='word_1_202' title='bbox 2397 2350 2475 2408; x_wconf 88' lang='lat' dir='ltr'>X.</span> <span class='ocrx_word' id='word_1_203' title='bbox 2509 2351 2644 2408; x_wconf 88' lang='grc'>280.</span> 
     </span>
     <span class='ocr_line' id='line_1_22' title="bbox 450 2438 1995 2516; baseline -0.001 -20"><span class='ocrx_word' id='word_1_204' title='bbox 450 2438 621 2496; x_wconf 81' lang='lat' dir='ltr'><strong>Nunc</strong></span> <span class='ocrx_word' id='word_1_205' title='bbox 649 2439 903 2514; x_wconf 58' lang='lat' dir='ltr'>conjugis</span> <span class='ocrx_word' id='word_1_206' title='bbox 930 2446 1051 2497; x_wconf 71' lang='lat' dir='ltr'><strong>esto</strong></span> <span class='ocrx_word' id='word_1_207' title='bbox 1075 2439 1327 2516; x_wconf 68' lang='lat' dir='ltr'><strong>Quisque</strong></span> <span class='ocrx_word' id='word_1_208' title='bbox 1343 2459 1465 2497; x_wconf 70' lang='lat' dir='ltr'>suoe</span> <span class='ocrx_word' id='word_1_209' title='bbox 1493 2441 1744 2514; x_wconf 77' lang='lat' dir='ltr'><strong>tectique</strong></span> <span class='ocrx_word' id='word_1_210' title='bbox 1770 2457 1995 2496; x_wconf 83' lang='lat' dir='ltr'><strong>memor.</strong></span> 
     </span>
    </p>
   </div>
   <div class='ocr_carea' id='block_1_5' title="bbox 532 2555 2648 2809">
    <p class='ocr_par' dir='ltr' id='par_1_5' title="bbox 532 2555 2648 2809">
     <span class='ocr_line' id='line_1_23' title="bbox 532 2555 2648 2658; baseline 0.003 -21"><span class='ocrx_word' id='word_1_211' title='bbox 532 2583 670 2638; x_wconf 87' lang='lat'><strong>412.</strong></span> <span class='ocrx_word' id='word_1_212' title='bbox 725 2555 1013 2642; x_wconf 73' lang='grc' dir='ltr'>Ῥόθος.</span> <span class='ocrx_word' id='word_1_213' title='bbox 1100 2582 1417 2658; x_wconf 72' lang='lat' dir='ltr'><strong>Strepitus.</strong></span> <span class='ocrx_word' id='word_1_214' title='bbox 1502 2580 1635 2640; x_wconf 76' lang='lat' dir='ltr'><strong>vid.</strong></span> <span class='ocrx_word' id='word_1_215' title='bbox 1667 2580 1919 2655; x_wconf 44' lang='lat' dir='ltr'><strong>Glossar.</strong></span> <span class='ocrx_word' id='word_1_216' title='bbox 1947 2579 2220 2641; x_wconf 75' lang='lat' dir='ltr'><strong>in&#39;rheb.</strong></span> <span class='ocrx_word' id='word_1_217' title='bbox 2254 2584 2310 2646; x_wconf 91' lang='lat'>7.</span> <span class='ocrx_word' id='word_1_218' title='bbox 2339 2579 2490 2644; x_wconf 74' lang='lat' dir='ltr'><strong>infra</strong></span> <span class='ocrx_word' id='word_1_219' title='bbox 2507 2582 2648 2643; x_wconf 86' lang='lat'><strong>468.</strong></span> 
     </span>
     <span class='ocr_line' id='line_1_24' title="bbox 535 2704 2168 2809; baseline 0.004 -26"><span class='ocrx_word' id='word_1_220' title='bbox 535 2728 677 2785; x_wconf 88' lang='lat'><strong>413.</strong></span> <span class='ocrx_word' id='word_1_221' title='bbox 730 2704 1229 2809; x_wconf 82' lang='grc' dir='ltr'>Ὑπαντιάζω.</span> <span class='ocrx_word' id='word_1_222' title='bbox 1320 2731 1588 2789; x_wconf 60' lang='lat' dir='ltr'><strong>Oneum.</strong></span> <span class='ocrx_word' id='word_1_223' title='bbox 1675 2729 1835 2788; x_wconf 80' lang='lat' dir='ltr'><strong>Infra</strong></span> <span class='ocrx_word' id='word_1_224' title='bbox 1861 2732 1998 2788; x_wconf 83' lang='lat'><strong>842.</strong></span> <span class='ocrx_word' id='word_1_225' title='bbox 2030 2732 2168 2789; x_wconf 85' lang='lat'><strong>858.</strong></span> 
     </span>
    </p>
   </div>
   <div class='ocr_carea' id='block_1_6' title="bbox 536 2852 2654 2955">
    <p class='ocr_par' dir='ltr' id='par_1_6' title="bbox 536 2852 2654 2955">
     <span class='ocr_line' id='line_1_25' title="bbox 536 2852 2654 2955; baseline 0.001 -22"><span class='ocrx_word' id='word_1_226' title='bbox 536 2874 695 2934; x_wconf 62' lang='lat' dir='ltr'><strong>aid.</strong></span> <span class='ocrx_word' id='word_1_227' title='bbox 734 2852 1005 2953; x_wconf 81' lang='grc' dir='ltr'>Ἀκμή.</span> <span class='ocrx_word' id='word_1_228' title='bbox 1096 2876 1317 2951; x_wconf 70' lang='lat' dir='ltr'>Cuspis,</span> <span class='ocrx_word' id='word_1_229' title='bbox 1362 2875 1453 2932; x_wconf 79' lang='lat' dir='ltr'><strong>vel</strong></span> <span class='ocrx_word' id='word_1_230' title='bbox 1496 2877 1664 2944; x_wconf 67' lang='lat' dir='ltr'><strong>aeica,</strong></span> <span class='ocrx_word' id='word_1_231' title='bbox 1711 2882 1770 2933; x_wconf 90' lang='lat' dir='ltr'>et</span> <span class='ocrx_word' id='word_1_232' title='bbox 1803 2875 2188 2952; x_wconf 85' lang='lat' dir='ltr'><strong>metaphorice</strong></span> <span class='ocrx_word' id='word_1_233' title='bbox 2223 2876 2345 2954; x_wconf 87' lang='lat' dir='ltr'><strong>ipse</strong></span> <span class='ocrx_word' id='word_1_234' title='bbox 2381 2878 2654 2955; x_wconf 86' lang='lat' dir='ltr'><strong>temporis</strong></span> 
     </span>
    </p>
   </div>
   <div class='ocr_carea' id='block_1_7' title="bbox 347 2961 2539 3040">
    <p class='ocr_par' dir='ltr' id='par_1_7' title="bbox 347 2961 2539 3040">
     <span class='ocr_line' id='line_1_26' title="bbox 347 2961 2539 3040; baseline 0.001 -19"><span class='ocrx_word' id='word_1_235' title='bbox 347 2990 357 2993; x_wconf 94' lang='lat'><em>·</em></span> <span class='ocrx_word' id='word_1_236' title='bbox 454 2962 730 3021; x_wconf 82' lang='lat' dir='ltr'><strong>articulus</strong></span> <span class='ocrx_word' id='word_1_237' title='bbox 755 2961 817 3019; x_wconf 90' lang='lat' dir='ltr'><strong>in</strong></span> <span class='ocrx_word' id='word_1_238' title='bbox 838 2980 957 3039; x_wconf 89' lang='lat' dir='ltr'>quo</span> <span class='ocrx_word' id='word_1_239' title='bbox 985 2961 1126 3040; x_wconf 90' lang='lat' dir='ltr'><strong>quid</strong></span> <span class='ocrx_word' id='word_1_240' title='bbox 1151 2962 1276 3020; x_wconf 88' lang='lat' dir='ltr'><strong>fieri</strong></span> <span class='ocrx_word' id='word_1_241' title='bbox 1304 2962 1492 3020; x_wconf 88' lang='lat' dir='ltr'><strong>debet.</strong></span> <span class='ocrx_word' id='word_1_242' title='bbox 1576 2961 1792 3020; x_wconf 89' lang='lat' dir='ltr'><strong>Vocem</strong></span> <span class='ocrx_word' id='word_1_243' title='bbox 1817 2962 2098 3021; x_wconf 84' lang='lat' dir='ltr'><strong>illustravi</strong></span> <span class='ocrx_word' id='word_1_244' title='bbox 2125 2962 2200 3021; x_wconf 90' lang='lat' dir='ltr'>ad</span> <span class='ocrx_word' id='word_1_245' title='bbox 2226 2963 2410 3023; x_wconf 84' lang='lat' dir='ltr'><strong>Theb.</strong></span> <span class='ocrx_word' id='word_1_246' title='bbox 2445 2968 2539 3025; x_wconf 89' lang='grc'>95.</span> 
     </span>
    </p>
   </div>
   <div class='ocr_carea' id='block_1_8' title="bbox 458 3081 2658 3633">
    <p class='ocr_par' dir='ltr' id='par_1_8' title="bbox 458 3081 2658 3633">
     <span class='ocr_line' id='line_1_27' title="bbox 537 3081 2655 3186; baseline 0.002 -24"><span class='ocrx_word' id='word_1_247' title='bbox 537 3108 675 3162; x_wconf 90' lang='grc'>414.</span> <span class='ocrx_word' id='word_1_248' title='bbox 730 3081 1162 3183; x_wconf 75' lang='grc' dir='ltr'>Χαλκήρης.</span> <span class='ocrx_word' id='word_1_249' title='bbox 1244 3102 1390 3160; x_wconf 83' lang='lat' dir='ltr'>AEre</span> <span class='ocrx_word' id='word_1_250' title='bbox 1415 3104 1756 3161; x_wconf 70' lang='lat' dir='ltr'><strong>instructus.</strong></span> <span class='ocrx_word' id='word_1_251' title='bbox 1839 3103 2477 3182; x_wconf 65' lang='lat' dir='ltr'><strong>Hesych.-xa2m‘1peas.</strong></span> <span class='ocrx_word' id='word_1_252' title='bbox 2507 3116 2655 3186; x_wconf 84' lang='grc' dir='ltr'>χαλ-</span> 
     </span>
     <span class='ocr_line' id='line_1_28' title="bbox 458 3188 2652 3273; baseline 0 -21"><span class='ocrx_word' id='word_1_253' title='bbox 458 3197 537 3273; x_wconf 64' lang='grc' dir='ltr'>κῷ</span> <span class='ocrx_word' id='word_1_254' title='bbox 569 3196 966 3271; x_wconf 77' lang='grc' dir='ltr'>ἡρμοσμένους.</span> <span class='ocrx_word' id='word_1_255' title='bbox 1048 3188 1226 3267; x_wconf 89' lang='lat' dir='ltr'><strong>Apud</strong></span> <span class='ocrx_word' id='word_1_256' title='bbox 1256 3188 1473 3248; x_wconf 90' lang='lat' dir='ltr'><strong>Polluc.</strong></span> <span class='ocrx_word' id='word_1_257' title='bbox 1506 3189 1556 3247; x_wconf 92' lang='grc' dir='ltr'>Ι.</span> <span class='ocrx_word' id='word_1_258' title='bbox 1588 3192 1687 3248; x_wconf 83' lang='grc'>85.</span> <span class='ocrx_word' id='word_1_259' title='bbox 1729 3190 1831 3247; x_wconf 91' lang='lat' dir='ltr'>ubi</span> <span class='ocrx_word' id='word_1_260' title='bbox 1856 3190 2014 3249; x_wconf 86' lang='lat' dir='ltr'><strong>navis</strong></span> <span class='ocrx_word' id='word_1_261' title='bbox 2045 3198 2236 3269; x_wconf 84' lang='lat' dir='ltr'><strong>partes</strong></span> <span class='ocrx_word' id='word_1_262' title='bbox 2272 3203 2652 3263; x_wconf 86' lang='lat' dir='ltr'><strong>recensentur,</strong></span> 
     </span>
     <span class='ocr_line' id='line_1_29' title="bbox 458 3280 2658 3363; baseline 0 -21"><span class='ocrx_word' id='word_1_263' title='bbox 458 3304 565 3363; x_wconf 91' lang='lat' dir='ltr'>pro</span> <span class='ocrx_word' id='word_1_264' title='bbox 608 3284 916 3363; x_wconf 84' lang='grc' dir='ltr'>χαλκήνης,</span> <span class='ocrx_word' id='word_1_265' title='bbox 961 3299 1099 3339; x_wconf 81' lang='lat' dir='ltr'><strong>voce</strong></span> <span class='ocrx_word' id='word_1_266' title='bbox 1141 3280 1459 3357; x_wconf 83' lang='lat' dir='ltr'><strong>ignorabili,</strong></span> <span class='ocrx_word' id='word_1_267' title='bbox 1496 3281 1884 3357; x_wconf 87' lang='lat' dir='ltr'><strong>reponendum</strong></span> <span class='ocrx_word' id='word_1_268' title='bbox 1925 3289 2068 3358; x_wconf 91' lang='lat' dir='ltr'><strong>puto</strong></span> <span class='ocrx_word' id='word_1_269' title='bbox 2110 3288 2410 3360; x_wconf 75' lang='grc' dir='ltr'>χαλκήρηε.</span> <span class='ocrx_word' id='word_1_270' title='bbox 2496 3284 2658 3343; x_wconf 77' lang='lat' dir='ltr'><strong>Infra</strong></span> 
     </span>
     <span class='ocr_line' id='line_1_30' title="bbox 459 3371 2658 3453; baseline 0 -19"><span class='ocrx_word' id='word_1_271' title='bbox 459 3379 599 3433; x_wconf 85' lang='grc'>422.</span> <span class='ocrx_word' id='word_1_272' title='bbox 630 3378 877 3450; x_wconf 78' lang='grc' dir='ltr'>κωπῆρης</span> <span class='ocrx_word' id='word_1_273' title='bbox 906 3381 992 3430; x_wconf 82' lang='lat' dir='ltr'>est</span> <span class='ocrx_word' id='word_1_274' title='bbox 1019 3372 1187 3427; x_wconf 71' lang='lat' dir='ltr'><strong>remis</strong></span> <span class='ocrx_word' id='word_1_275' title='bbox 1212 3372 1551 3429; x_wconf 70' lang='lat' dir='ltr'><strong>instructus.</strong></span> <span class='ocrx_word' id='word_1_276' title='bbox 1634 3372 1708 3428; x_wconf 86' lang='lat' dir='ltr'><strong>In</strong></span> <span class='ocrx_word' id='word_1_277' title='bbox 1727 3371 1928 3447; x_wconf 87' lang='lat' dir='ltr'><strong>Eurip.</strong></span> <span class='ocrx_word' id='word_1_278' title='bbox 1950 3371 2112 3448; x_wconf 84' lang='lat' dir='ltr'><strong>Cycl.</strong></span> <span class='ocrx_word' id='word_1_279' title='bbox 2139 3377 2230 3431; x_wconf 90' lang='lat'><strong>15.</strong></span> <span class='ocrx_word' id='word_1_280' title='bbox 2261 3379 2505 3453; x_wconf 80' lang='grc' dir='ltr'>ἀμφῆρες</span> <span class='ocrx_word' id='word_1_281' title='bbox 2529 3376 2658 3452; x_wconf 86' lang='grc' dir='ltr'>δόρυ</span> 
     </span>
     <span class='ocr_line' id='line_1_31' title="bbox 462 3454 2656 3544; baseline 0.001 -20"><span class='ocrx_word' id='word_1_282' title='bbox 462 3474 551 3525; x_wconf 88' lang='lat' dir='ltr'>est</span> <span class='ocrx_word' id='word_1_283' title='bbox 583 3454 745 3523; x_wconf 69' lang='lat' dir='ltr'>m‘zvis</span> <span class='ocrx_word' id='word_1_284' title='bbox 774 3465 1043 3537; x_wconf 77' lang='lat' dir='ltr'><strong>utrinque</strong></span> <span class='ocrx_word' id='word_1_285' title='bbox 1074 3463 1410 3530; x_wconf 67' lang='lat' dir='ltr'><strong>instructus,</strong></span> <span class='ocrx_word' id='word_1_286' title='bbox 1447 3480 1525 3520; x_wconf 89' lang='lat' dir='ltr'>sc.</span> <span class='ocrx_word' id='word_1_287' title='bbox 1556 3465 1744 3519; x_wconf 73' lang='lat' dir='ltr'><strong>remis.</strong></span> <span class='ocrx_word' id='word_1_288' title='bbox 1797 3466 2036 3540; x_wconf 75' lang='grc' dir='ltr'>κωπῆρες</span> <span class='ocrx_word' id='word_1_289' title='bbox 2079 3468 2281 3544; x_wconf 76' lang='grc' dir='ltr'>σκάφος</span> <span class='ocrx_word' id='word_1_290' title='bbox 2312 3467 2448 3525; x_wconf 90' lang='lat' dir='ltr'><strong>Hel.</strong></span> <span class='ocrx_word' id='word_1_291' title='bbox 2485 3469 2656 3530; x_wconf 86' lang='lat'><strong>1397.</strong></span> 
     </span>
     <span class='ocr_line' id='line_1_32' title="bbox 464 3550 2002 3633; baseline -0.003 -17"><span class='ocrx_word' id='word_1_292' title='bbox 464 3554 799 3633; x_wconf 84' lang='lat' dir='ltr'><strong>Composita</strong></span> <span class='ocrx_word' id='word_1_293' title='bbox 824 3561 961 3611; x_wconf 87' lang='lat' dir='ltr'><strong>sunt</strong></span> <span class='ocrx_word' id='word_1_294' title='bbox 986 3552 1059 3611; x_wconf 87' lang='lat' dir='ltr'>ab</span> <span class='ocrx_word' id='word_1_295' title='bbox 1084 3552 1220 3626; x_wconf 80' lang='grc' dir='ltr'>ἄρω.</span> <span class='ocrx_word' id='word_1_296' title='bbox 1305 3550 1466 3610; x_wconf 84' lang='lat' dir='ltr'><strong>Infra</strong></span> <span class='ocrx_word' id='word_1_297' title='bbox 1498 3554 1606 3610; x_wconf 82' lang='lat'>105</span> <span class='ocrx_word' id='word_1_298' title='bbox 1617 3556 1670 3615; x_wconf 95' lang='lat'>7.</span> <span class='ocrx_word' id='word_1_299' title='bbox 1713 3556 2002 3631; x_wconf 73' lang='grc' dir='ltr'>λευκήρης.</span> 
     </span>
    </p>
   </div>
   <div class='ocr_carea' id='block_1_9' title="bbox 374 3655 2673 4582">
    <p class='ocr_par' dir='ltr' id='par_1_9' title="bbox 545 3655 2655 3760">
     <span class='ocr_line' id='line_1_33' title="bbox 545 3655 2655 3760; baseline 0.002 -21"><span class='ocrx_word' id='word_1_300' title='bbox 545 3669 702 3739; x_wconf 71' lang='grc' dir='ltr'>Ιόἰᾶ.</span> <span class='ocrx_word' id='word_1_301' title='bbox 747 3655 1057 3741; x_wconf 72' lang='grc' dir='ltr'>Στόλος.</span> <span class='ocrx_word' id='word_1_302' title='bbox 1142 3680 1353 3737; x_wconf 84' lang='lat' dir='ltr'><strong>Prora.</strong></span> <span class='ocrx_word' id='word_1_303' title='bbox 1437 3681 1728 3739; x_wconf 77' lang='lat' dir='ltr'><strong>Rostrum.</strong></span> <span class='ocrx_word' id='word_1_304' title='bbox 1813 3682 2142 3760; x_wconf 87' lang='lat' dir='ltr'><strong>Respondet</strong></span> <span class='ocrx_word' id='word_1_305' title='bbox 2167 3682 2285 3742; x_wconf 84' lang='lat' dir='ltr'><strong>fere</strong></span> <span class='ocrx_word' id='word_1_306' title='bbox 2304 3683 2406 3743; x_wconf 86' lang='lat' dir='ltr'><strong>isti</strong></span> <span class='ocrx_word' id='word_1_307' title='bbox 2425 3684 2655 3745; x_wconf 88' lang='lat' dir='ltr'><strong>navium</strong></span> 
     </span>
    </p>

    <p class='ocr_par' dir='ltr' id='par_1_10' title="bbox 374 3766 2673 4582">
     <span class='ocr_line' id='line_1_34' title="bbox 464 3766 2655 3850; baseline 0.002 -22"><span class='ocrx_word' id='word_1_308' title='bbox 464 3778 786 3829; x_wconf 84' lang='lat' dir='ltr'><strong>nostrarum</strong></span> <span class='ocrx_word' id='word_1_309' title='bbox 813 3767 965 3844; x_wconf 81' lang='lat' dir='ltr'><strong>parti</strong></span> <span class='ocrx_word' id='word_1_310' title='bbox 988 3766 1229 3843; x_wconf 85' lang='lat' dir='ltr'><strong>Anglice</strong></span> <span class='ocrx_word' id='word_1_311' title='bbox 1256 3766 1443 3837; x_wconf 77' lang='lat' dir='ltr'><strong>dictae,</strong></span> <span class='ocrx_word' id='word_1_312' title='bbox 1483 3768 1580 3826; x_wconf 75' lang='lat' dir='ltr'><strong>the</strong></span> <span class='ocrx_word' id='word_1_313' title='bbox 1610 3768 1948 3838; x_wconf 71' lang='lat' dir='ltr'><strong>Cat-water,</strong></span> <span class='ocrx_word' id='word_1_314' title='bbox 1979 3790 2110 3847; x_wconf 80' lang='lat' dir='ltr'><strong>quae</strong></span> <span class='ocrx_word' id='word_1_315' title='bbox 2136 3788 2323 3849; x_wconf 73' lang='lat' dir='ltr'><strong>prorae</strong></span> <span class='ocrx_word' id='word_1_316' title='bbox 2349 3772 2655 3850; x_wconf 86' lang='lat' dir='ltr'><strong>prominet.</strong></span> 
     </span>
     <span class='ocr_line' id='line_1_35' title="bbox 374 3848 2659 3939; baseline 0.003 -21"><span class='ocrx_word' id='word_1_317' title='bbox 374 3848 391 3853; x_wconf 50' lang='grc'>-</span> <span class='ocrx_word' id='word_1_318' title='bbox 468 3858 725 3937; x_wconf 84' lang='lat' dir='ltr'><strong>Hesych.</strong></span> <span class='ocrx_word' id='word_1_319' title='bbox 770 3862 1143 3918; x_wconf 76' lang='grc' dir='ltr'>Στόλος-καὶ</span> <span class='ocrx_word' id='word_1_320' title='bbox 1188 3860 1217 3916; x_wconf 86' lang='grc' dir='ltr'><strong>ὁ</strong></span> <span class='ocrx_word' id='word_1_321' title='bbox 1243 3863 1341 3929; x_wconf 76' lang='grc' dir='ltr'>τῆς</span> <span class='ocrx_word' id='word_1_322' title='bbox 1388 3864 1523 3918; x_wconf 83' lang='grc' dir='ltr'>νεὼς</span> <span class='ocrx_word' id='word_1_323' title='bbox 1560 3859 1809 3939; x_wconf 82' lang='grc' dir='ltr'>ἔμβολος</span> <span class='ocrx_word' id='word_1_324' title='bbox 1844 3867 2101 3935; x_wconf 82' lang='grc' dir='ltr'>λέγεται,</span> <span class='ocrx_word' id='word_1_325' title='bbox 2149 3864 2210 3921; x_wconf 80' lang='grc' dir='ltr'>τὸ</span> <span class='ocrx_word' id='word_1_326' title='bbox 2245 3867 2326 3922; x_wconf 78' lang='grc' dir='ltr'>εἰς</span> <span class='ocrx_word' id='word_1_327' title='bbox 2362 3863 2454 3930; x_wconf 72' lang='grc' dir='ltr'>ὀξὺ</span> <span class='ocrx_word' id='word_1_328' title='bbox 2500 3890 2659 3925; x_wconf 88' lang='grc' dir='ltr'>συνε-</span> 
     </span>
     <span class='ocr_line' id='line_1_36' title="bbox 466 3949 2673 4030; baseline 0.002 -20"><span class='ocrx_word' id='word_1_329' title='bbox 466 3956 847 4029; x_wconf 85' lang='grc' dir='ltr'>στραμμένον.</span> <span class='ocrx_word' id='word_1_330' title='bbox 930 3949 1101 4028; x_wconf 83' lang='lat' dir='ltr'><strong>Lege,</strong></span> <span class='ocrx_word' id='word_1_331' title='bbox 1137 3950 1225 4009; x_wconf 82' lang='grc' dir='ltr'>διὰ</span> <span class='ocrx_word' id='word_1_332' title='bbox 1262 3952 1325 4009; x_wconf 82' lang='grc' dir='ltr'>τὸ</span> <span class='ocrx_word' id='word_1_333' title='bbox 1359 3955 1436 4010; x_wconf 80' lang='grc' dir='ltr'>εἷς</span> <span class='ocrx_word' id='word_1_334' title='bbox 1472 3951 1567 4020; x_wconf 76' lang='grc' dir='ltr'>ὀξι)</span> <span class='ocrx_word' id='word_1_335' title='bbox 1607 3959 2070 4030; x_wconf 79' lang='grc' dir='ltr'>συνεσταλμένον</span> <span class='ocrx_word' id='word_1_336' title='bbox 2107 3956 2278 4013; x_wconf 77' lang='grc' dir='ltr'>εἶναι.</span> <span class='ocrx_word' id='word_1_337' title='bbox 2364 3955 2556 4013; x_wconf 83' lang='lat' dir='ltr'><strong>Schol.</strong></span> <span class='ocrx_word' id='word_1_338' title='bbox 2586 3950 2673 4014; x_wconf 62' lang='lat' dir='ltr'><strong>ad.</strong></span> 
     </span>
     <span class='ocr_line' id='line_1_37' title="bbox 466 4041 2658 4122; baseline 0.001 -19"><span class='ocrx_word' id='word_1_339' title='bbox 466 4045 530 4103; x_wconf 84' lang='lat' dir='ltr'>h.</span> <span class='ocrx_word' id='word_1_340' title='bbox 561 4064 615 4101; x_wconf 85' lang='lat' dir='ltr'>v.</span> <span class='ocrx_word' id='word_1_341' title='bbox 663 4048 869 4101; x_wconf 86' lang='grc' dir='ltr'>Στόλος</span> <span class='ocrx_word' id='word_1_342' title='bbox 912 4041 973 4099; x_wconf 80' lang='grc' dir='ltr'>δὲ</span> <span class='ocrx_word' id='word_1_343' title='bbox 1015 4048 1247 4115; x_wconf 81' lang='grc' dir='ltr'>λέγεται</span> <span class='ocrx_word' id='word_1_344' title='bbox 1292 4044 1353 4101; x_wconf 85' lang='grc' dir='ltr'>τὸ</span> <span class='ocrx_word' id='word_1_345' title='bbox 1398 4042 1667 4121; x_wconf 75' lang='grc' dir='ltr'>ἔμβολον,</span> <span class='ocrx_word' id='word_1_346' title='bbox 1714 4050 1864 4122; x_wconf 84' lang='grc' dir='ltr'>παρὰ</span> <span class='ocrx_word' id='word_1_347' title='bbox 1905 4046 1966 4104; x_wconf 87' lang='grc' dir='ltr'>τὸ</span> <span class='ocrx_word' id='word_1_348' title='bbox 2009 4050 2088 4105; x_wconf 76' lang='grc' dir='ltr'>εἰς</span> <span class='ocrx_word' id='word_1_349' title='bbox 2125 4046 2217 4113; x_wconf 77' lang='grc' dir='ltr'>ὁξύ</span> <span class='ocrx_word' id='word_1_350' title='bbox 2256 4048 2658 4106; x_wconf 80' lang='grc' dir='ltr'>συνεστάλθαι.</span> 
     </span>
     <span class='ocr_line' id='line_1_38' title="bbox 470 4133 2664 4212; baseline 0.001 -18"><span class='ocrx_word' id='word_1_351' title='bbox 470 4136 625 4195; x_wconf 90' lang='lat' dir='ltr'><strong>Hinc</strong></span> <span class='ocrx_word' id='word_1_352' title='bbox 666 4137 1087 4194; x_wconf 77' lang='grc' dir='ltr'>ποικιλόστολος</span> <span class='ocrx_word' id='word_1_353' title='bbox 1134 4138 1267 4193; x_wconf 81' lang='grc' dir='ltr'>ναῦς</span> <span class='ocrx_word' id='word_1_354' title='bbox 1310 4133 1579 4212; x_wconf 88' lang='lat' dir='ltr'><strong>Sophocl.</strong></span> <span class='ocrx_word' id='word_1_355' title='bbox 1612 4135 1764 4194; x_wconf 88' lang='lat' dir='ltr'><strong>Phil.</strong></span> <span class='ocrx_word' id='word_1_356' title='bbox 1804 4138 1942 4194; x_wconf 88' lang='grc'>343.</span> <span class='ocrx_word' id='word_1_357' title='bbox 1987 4138 2164 4205; x_wconf 73' lang='lat' dir='ltr'><strong>navis,</strong></span> <span class='ocrx_word' id='word_1_358' title='bbox 2213 4137 2374 4211; x_wconf 75' lang='lat' dir='ltr'><strong>cujus</strong></span> <span class='ocrx_word' id='word_1_359' title='bbox 2417 4146 2664 4196; x_wconf 69' lang='lat' dir='ltr'>rostrum</span> 
     </span>
     <span class='ocr_line' id='line_1_39' title="bbox 469 4226 2665 4304; baseline 0.001 -20"><span class='ocrx_word' id='word_1_360' title='bbox 469 4229 646 4285; x_wconf 75' lang='lat' dir='ltr'>variis</span> <span class='ocrx_word' id='word_1_361' title='bbox 666 4226 947 4285; x_wconf 73' lang='lat' dir='ltr'><strong>coloribus</strong></span> <span class='ocrx_word' id='word_1_362' title='bbox 966 4227 1181 4283; x_wconf 75' lang='lat' dir='ltr'>illitum</span> <span class='ocrx_word' id='word_1_363' title='bbox 1202 4234 1308 4285; x_wconf 77' lang='lat' dir='ltr'><strong>est.</strong></span> <span class='ocrx_word' id='word_1_364' title='bbox 1370 4226 1560 4285; x_wconf 90' lang='lat' dir='ltr'><strong>Schol.</strong></span> <span class='ocrx_word' id='word_1_365' title='bbox 1586 4227 1851 4304; x_wconf 89' lang='lat' dir='ltr'><strong>Apollon.</strong></span> <span class='ocrx_word' id='word_1_366' title='bbox 1877 4227 2069 4285; x_wconf 87' lang='lat' dir='ltr'><strong>Rhod.</strong></span> <span class='ocrx_word' id='word_1_367' title='bbox 2092 4228 2142 4286; x_wconf 98' lang='grc' dir='ltr'>Ι.</span> <span class='ocrx_word' id='word_1_368' title='bbox 2175 4230 2346 4288; x_wconf 88' lang='grc'>1089.</span> <span class='ocrx_word' id='word_1_369' title='bbox 2374 4230 2665 4288; x_wconf 79' lang='grc' dir='ltr'>Ἀπολλώ-</span> 
     </span>
     <span class='ocr_line' id='line_1_40' title="bbox 475 4318 2661 4397; baseline 0.002 -21"><span class='ocrx_word' id='word_1_370' title='bbox 475 4343 586 4377; x_wconf 85' lang='grc' dir='ltr'>νιος</span> <span class='ocrx_word' id='word_1_371' title='bbox 623 4321 688 4376; x_wconf 84' lang='grc' dir='ltr'>έν</span> <span class='ocrx_word' id='word_1_372' title='bbox 724 4325 845 4376; x_wconf 77' lang='grc' dir='ltr'>ταῖς</span> <span class='ocrx_word' id='word_1_373' title='bbox 882 4320 1108 4383; x_wconf 76' lang='grc' dir='ltr'>λέξεσιν</span> <span class='ocrx_word' id='word_1_374' title='bbox 1148 4318 1499 4377; x_wconf 79' lang='grc' dir='ltr'>ἀποδέδωκεν</span> <span class='ocrx_word' id='word_1_375' title='bbox 1547 4320 1846 4397; x_wconf 81' lang='grc' dir='ltr'>ἄφλαστον</span> <span class='ocrx_word' id='word_1_376' title='bbox 1890 4319 1950 4377; x_wconf 81' lang='grc' dir='ltr'>τὸ</span> <span class='ocrx_word' id='word_1_377' title='bbox 1995 4323 2376 4394; x_wconf 83' lang='grc' dir='ltr'>ἆκροστόλιον·</span> <span class='ocrx_word' id='word_1_378' title='bbox 2434 4325 2532 4379; x_wconf 81' lang='grc' dir='ltr'>οὒκ</span> <span class='ocrx_word' id='word_1_379' title='bbox 2579 4320 2661 4382; x_wconf 80' lang='grc' dir='ltr'>εὖ·</span> 
     </span>
     <span class='ocr_line' id='line_1_41' title="bbox 474 4408 2666 4490; baseline 0.002 -24"><span class='ocrx_word' id='word_1_380' title='bbox 474 4408 665 4478; x_wconf 75' lang='grc' dir='ltr'>ἐπειδὴ</span> <span class='ocrx_word' id='word_1_381' title='bbox 701 4410 760 4467; x_wconf 83' lang='grc' dir='ltr'>τὸ</span> <span class='ocrx_word' id='word_1_382' title='bbox 792 4411 1156 4485; x_wconf 80' lang='grc' dir='ltr'>ἆκροστόλιον</span> <span class='ocrx_word' id='word_1_383' title='bbox 1197 4412 1291 4466; x_wconf 79' lang='grc' dir='ltr'>ἐπὶ</span> <span class='ocrx_word' id='word_1_384' title='bbox 1324 4414 1420 4467; x_wconf 81' lang='grc' dir='ltr'>τοῦ</span> <span class='ocrx_word' id='word_1_385' title='bbox 1457 4413 1680 4469; x_wconf 86' lang='grc' dir='ltr'>στόλου.</span> <span class='ocrx_word' id='word_1_386' title='bbox 1727 4412 1924 4467; x_wconf 84' lang='grc' dir='ltr'>στόλος</span> <span class='ocrx_word' id='word_1_387' title='bbox 1972 4409 2033 4467; x_wconf 81' lang='grc' dir='ltr'>δὲ</span> <span class='ocrx_word' id='word_1_388' title='bbox 2075 4414 2311 4485; x_wconf 80' lang='grc' dir='ltr'>λέγεται</span> <span class='ocrx_word' id='word_1_389' title='bbox 2355 4411 2416 4468; x_wconf 83' lang='grc' dir='ltr'>τὸ</span> <span class='ocrx_word' id='word_1_390' title='bbox 2461 4412 2666 4490; x_wconf 77' lang='grc' dir='ltr'>έξέχον</span> 
     </span>
     <span class='ocr_line' id='line_1_42' title="bbox 475 4482 2667 4582; baseline 0.002 -23"><span class='ocrx_word' id='word_1_391' title='bbox 475 4502 589 4559; x_wconf 81' lang='grc' dir='ltr'>ἀπὸ</span> <span class='ocrx_word' id='word_1_392' title='bbox 617 4504 711 4572; x_wconf 83' lang='grc' dir='ltr'>τῆς</span> <span class='ocrx_word' id='word_1_393' title='bbox 737 4482 953 4581; x_wconf 47' lang='grc' dir='ltr'>ποτύχης</span> <span class='ocrx_word' id='word_1_394' title='bbox 989 4506 1078 4561; x_wconf 78' lang='grc' dir='ltr'>καὶ</span> <span class='ocrx_word' id='word_1_395' title='bbox 1114 4501 1302 4573; x_wconf 82' lang='grc' dir='ltr'>διῆκον</span> <span class='ocrx_word' id='word_1_396' title='bbox 1348 4504 1471 4579; x_wconf 83' lang='grc' dir='ltr'>ἄκρι</span> <span class='ocrx_word' id='word_1_397' title='bbox 1506 4506 1599 4573; x_wconf 79' lang='grc' dir='ltr'>τῆς</span> <span class='ocrx_word' id='word_1_398' title='bbox 1631 4504 1850 4579; x_wconf 78' lang='grc' dir='ltr'>πρώρας</span> <span class='ocrx_word' id='word_1_399' title='bbox 1881 4501 2073 4570; x_wconf 80' lang='grc' dir='ltr'>ξύλον.</span> <span class='ocrx_word' id='word_1_400' title='bbox 2119 4502 2304 4582; x_wconf 82' lang='grc' dir='ltr'>πτύχη</span> <span class='ocrx_word' id='word_1_401' title='bbox 2339 4503 2399 4563; x_wconf 84' lang='grc' dir='ltr'>δὲ</span> <span class='ocrx_word' id='word_1_402' title='bbox 2429 4510 2667 4581; x_wconf 84' lang='grc' dir='ltr'>λέγεται</span> 
     </span>
    </p>
   </div>
  </div>
 </body>
</html>
