3282 5193
1210 464 1217 472 .
1279 423 1372 478 IN
1408 421 1720 476 PERsAS.
2456 398 2600 476 147

484 633 619 689 641.
688 605 987 706 Αἴανής.
1072 628 1318 686 Noa-im.
1399 625 1534 684 vid.
1565 632 1712 684 nott.
1743 624 1818 683 ad
1844 645 1900 682 v.
1927 627 2068 685 935.

480 781 617 838 642.
686 753 1119 857 Δῦσθροος.
1204 777 1503 853 Infelicem
1541 794 1736 833 sonum
1776 774 1965 832 edem.
2051 771 2214 830 Infra
2247 774 2382 832 936.
2423 774 2594 834 1077.

400 865 631 923 Pindar.
664 865 841 943 Pyth.
873 864 979 922 IV.
1022 868 1154 923 lll.
1212 863 1481 941 δυσθρόου
1516 865 1724 941 φωνᾶς.
1807 859 2143 938 Composita
2168 878 2235 917 ex
2265 857 2419 932 θρόος
2446 868 2600 919 amat

396 955 723 1034 AEschyIUS.
806 957 1086 1035 μιξόθροοε
1110 955 1295 1014 Theb.
1326 958 1465 1014 321.
1531 953 1857 1030 οἶωνόθροοε
1886 951 2093 1029 Agam.
2125 952 2225 1008 56.
2287 951 2600 1023 α’λλόθρουε

324 1107 329 1112 .
396 1047 606 1125 Agam.
644 1051 817 1107 1202.
862 1047 1067 1126 Suppl.
1098 1049 1235 1111 970.
1294 1047 1594 1126 δημόθρους
1621 1045 1831 1124 Agam.
1855 1045 1995 1103 384.
2029 1045 2164 1103 940.
2197 1045 2367 1101 1415.
2427 1043 2600 1102 πολύ·

396 1141 554 1216 θροοε
583 1137 786 1216 Suppl.
819 1140 958 1200 817.

474 1281 633 1338 nid.
680 1255 1036 1360 *Βάγμω
1120 1283 1391 1358 Loquela.
1499 1281 1709 1338 Forma
1749 1278 1939 1337 notior
1985 1284 2072 1336 est
2124 1276 2310 1351 βάξις.
2395 1276 2456 1336 Si
2498 1295 2601 1354 per

396 1374 645 1426 metrum
670 1365 881 1436 ficeret,
911 1367 1226 1446 suspicarer
1250 1367 1311 1425 in
1338 1367 1449 1426 hoc
1474 1367 1601 1426 loco
1626 1365 1741 1444 legi
1767 1366 1972 1424 debere
1997 1364 2331 1443 βαΰγματα.

476 1508 595 1571 647
600 1552 623 1584 ·.
672 1467 1173 1592 *Μεγαυχῆ9.
1237 1511 1524 1568 Illa-sirie.
1567 1509 1722 1568 idem
1739 1507 1858 1567 fere
1885 1506 2042 1586 quod
2066 1507 2438 1585 μεγάλαυχος
2459 1508 2596 1565 539.

476 1658 614 1715 648.
679 1635 943 1714 Αἶνέω.
1014 1659 1171 1716 Sino·
1247 1655 1473 1718 Tolero.'
1522 1679 1637 1738 quo
1665 1678 1836 1717 sensu
1864 1657 2045 1716 rarius
2072 1656 2338 1718 occurrit.
2388 1655 2590 1737 Eurip.

395 1743 607 1802 Alcest.
645 1747 697 1801 l.
742 1746 806 1801 ἓν
833 1744 913 1803 οἷς
942 1747 1110 1817 ἔτλην
1138 1748 1254 1820 ἐγὼ
1283 1751 1520 1818 Θῆσσαν
1548 1748 1837 1824 τράπεζαν
1866 1750 2113 1814 αἰνέσαι,
2146 1745 2271 1804 θεός
2300 1769 2405 1822 περ
2433 1743 2533 1804 ὦν.

472 1897 611 1955 653.
653 1870 972 1980 Ὄχθος.
1033 1899 1323 1958 Tumulus.
1378 1903 1589 1973 Ayyer.
1657 1897 1719 1959 re,
1754 1897 1982 1975 ῦψηλὸν
2015 1904 2114 1968 τῆς
2152 1904 2276 1972 γῆς.
2334 1897 2594 1975 Hesyoh.

395 1981 582 2060 Supra
606 1985 747 2045 473.
820 1982 981 2041 Infra
1010 1986 1144 2042 664.
1218 1984 1483 2061 Choeph.
1515 1989 1573 2042 4.
1648 1985 1858 2061 Agam.
1885 1986 2060 2042 1162.
2105 1990 2210 2042 νῦν
2239 1983 2284 2040 δ’
2311 1983 2450 2058 ἀμφὶ
2480 1991 2600 2042 Κωσ

392 2073 560 2132 κυτόν
607 2098 670 2132 τε
716 2077 1111 2150 κάχερουσίους
1141 2077 1395 2152 ’Όχθους
1442 2077 1590 2134 ἔοικα
1635 2077 2048 2143 θεσπιωδήσειν
2095 2075 2272 2151 τάχα.
2359 2073 2472 2131 Sed
2517 2073 2599 2132 ibi

391 2163 698 2242 legendum
726 2166 1355 2244 κάχερουσίαε”.()χθαε,
1386 2168 1572 2241 ripas.

474 2307 610 2364 655.
669 2282 1242 2386 *Ἀνα’πομπος.
1330 2309 1565 2364 Sursum
1593 2308 1848 2364 mittens.

474 2457 611 2516 659.
673 2433 1207 2537 Θεομήστωρ.·
1282 2459 1411 2516 Par
1464 2457 1598 2515 Diis
1651 2456 2034 2514 consiliarius.
2145 2455 2236 2514 Ex
2290 2455 2598 2515 Homerico

396 2544 594 2621 θεόφιν
636 2548 865 2623 μήστωρ
905 2546 1241 2615 ἀτάλαντος,
1289 2543 1458 2603 Iliad.
1501 2549 1575 2602 H.
1618 2544 1754 2613 366,
1795 2543 1897 2602 διο.
1982 2543 2599 2623 Θεομήστωρ“(]111ἀαω

401 2633 719 2693 Samiorum
756 2642 1034 2714 tyrannus
1065 2642 1415 2696 memoratur
1452 2634 1736 2693 Herodot.
1767 2634 1945 2692 VIII.
1977 2636 2074 2692 85.
2161 2634 2466 2713 Inscriptio
2501 2656 2595 2714 ap.

398 2723 575 2802 Spon.
606 2724 776 2785 Misc.
808 2725 989 2784 Erud.
1018 2726 1160 2784 Ant.
1190 2747 1250 2804 p.
1281 2727 1417 2785 368.
1486 2730 1656 2804 Σῶμα
1694 2728 1802 2802 μὲν
1839 2726 1937 2796 ἥδε
1975 2726 2119 2785 κόνις
2169 2727 2350 2786 κεΰθει
2395 2730 2595 2805 θεομή-

400 2839 589 2891 στορος
627 2820 667 2874 α’
670 2815 848 2891 νδρόε.

480 2969 615 3027 663.
673 2948 960 3049 Βαλήν.
1046 2972 1191 3029 Rem.
1277 2970 1469 3029 Schol.
1518 2969 1716 3045 βαλὴν
1741 2964 1772 3028 o‘
1799 2968 2076 3041 βασιλεῦς
2104 2975 2364 3045 λέγεται.
2423 2976 2602 3043 Εὐφο-

392 3062 528 3132 ρίων
565 3056 627 3115 δέ
663 3070 798 3135 φησι
835 3064 1087 3131 Θουρίων
1126 3059 1277 3117 εἶναι
1312 3062 1416 3128 τὴν
1454 3058 1766 3117 διάλεκτον.
1819 3057 1954 3117 ὅθεν
1983 3062 2074 3117 καὶ
2113 3063 2442 3129 Βαληναῖον
2479 3058 2600 3134 ὄρος

400 3146 973 3223 (Pseudo-Plutarch.
999 3150 1069 3209 de
1091 3149 1340 3208 Flumin.
1365 3170 1424 3228 p.
1450 3148 1653 3225 1155.)
1687 3150 1719 3207 ὅ
1747 3151 1866 3208 ἐστι
1891 3148 2217 3224 βασιλικόν.
2264 3170 2396 3229 quae
2422 3150 2598 3208 habet

396 3238 663 3297 Eustath.
694 3241 767 3298 ad
806 3240 973 3300 Iliad.
1006 3248 1074 3299 Γ.
1105 3262 1162 3319 p.
1199 3243 1338 3300 381.
1384 3247 1442 3299 et
1473 3240 1546 3298 ad
1583 3240 1700 3299 Od.
1731 3247 1796 3297 T.
1827 3261 1887 3317 p.
1925 3244 2100 3299 1854.
2186 3242 2342 3299 Sext.
2373 3240 2594 3318 Empir.

395 3329 523 3388 ὃᾶν.
574 3330 859 3389 Mathem.
905 3331 956 3389 Ῑ.
1008 3336 1147 3391 313.
1222 3334 1294 3389 Οἱ
1348 3330 1508 3407 παρά
1564 3336 1838 3405 Σοφοκλεῖ
1891 3336 2169 3409 ποιμένες,
2224 3332 2314 3391 Ἰὼ
2365 3330 2598 3404 βαλλὴν

393 3425 681 3495 λέγοντες,
730 3425 795 3479 ἶὼ
836 3420 1087 3496 βασιλεῦ
1129 3427 1387 3495 λέγουσι,
1438 3426 1731 3497 Φρυγιστί.
1815 3421 2028 3481 Vocem
2078 3420 2432 3480 Phoeniciam
2474 3440 2595 3481 esse

393 3510 555 3570 aiunt
583 3511 909 3583 Salmasius,
937 3512 1275 3591 Bochartus,
1306 3520 1364 3570 et
1392 3511 1772 3589 Spanhemius
1799 3510 1874 3571 ad
1902 3511 2131 3571 Gallim.
2160 3532 2220 3589 p.
2254 3513 2350 3570 56.

482 3663 616 3721 664.
692 3638 1130 3745 Κόρυμβον.
1215 3665 1399 3741 Apeoe.
1476 3665 1721 3722 καθόλου
1763 3664 1952 3721 πάντα
1985 3663 2059 3722 τά
2095 3670 2368 3743 μετέωρα,
2401 3668 2490 3723 καὶ
2517 3671 2596 3725 εἷς

398 3749 538 3827 ὕψος
576 3753 953 3809 ἀνατείνοντα
984 3748 1291 3829 κορύμβους
1322 3756 1618 3825 λέγουσιν.
1691 3749 1950 3828 Hesych.
2026 3750 2370 3829 Plerumque
2402 3751 2474 3809 de
2499 3773 2596 3811 na-

396 3841 553 3900 vium
582 3842 929 3920 aplustribus
956 3850 1285 3921 usurpatur.
1368 3842 1503 3902 Vid.
1536 3862 1710 3920 supra
1730 3844 1869 3904 417.
1953 3840 2331 3901 Formabatur
2358 3864 2393 3901 a
2420 3846 2592 3921 κορΰς,
2628 3895 2638 3902 ,

398 3933 553 4011 quod
579 3934 651 3992 ab
680 3934 913 4012 antiqua
937 3954 1072 3993 voce
1100 3936 1194 4010 κόρ
1222 3942 1416 4010 caput,
1448 3934 1601 3993 unde
1628 3934 1814 4009 κόρση,
1849 3937 2070 4012 κορυφή,
2101 3934 2378 4012 κόρταφος,
2409 3942 2467 3993 et
2493 3955 2597 4013 per

397 4022 741 4081 metathesin
781 4024 1065 4103 κρόταφος.
1150 4024 1299 4081 Haec
1334 4042 1469 4081 vero
1506 4022 1728 4080 AEolica
1763 4028 1883 4079 erat
1925 4021 2110 4079 forma
2150 4042 2256 4099 pro
2295 4024 2412 4099 κάρ,
2442 4024 2596 4085 unde

398 4116 557 4191 κάρα.
643 4114 866 4173 Notum
909 4123 995 4174 est
1037 4116 1330 4174 AEolenses
1372 4140 1401 4174 ο
1441 4134 1545 4192 pro
1590 4139 1627 4171 α
1672 4112 1980 4190 scripsisse.
2068 4112 2160 4171 Sic
2197 4112 2368 4172 etiam
2406 4118 2596 4191 κορζία

398 4224 503 4283 pro
530 4206 731 4283 καρδία
764 4205 993 4283 Paphii,
1024 4212 1173 4265 teste
1201 4204 1516 4283 Hesychia

481 4362 615 4418 665.
675 4336 1248 4442 Κροκόβαπτος.
1338 4360 1512 4418 Groco
1560 4360 1798 4417 tinctus.
1860 4357 2013 4415 idem
2058 4358 2213 4435 quod
2254 4359 2598 4437 κροκοβαφήε

400 4446 461 4506 in
482 4446 685 4524 Agam.
716 4451 887 4508 1129.
974 4447 1047 4507 In
1074 4445 1327 4524 ejusdem
1347 4446 1558 4507 fabulae
1578 4466 1632 4503 v.
1662 4448 1798 4505 240.
1843 4446 2038 4521 κρόκου
2063 4445 2252 4523 βάψας
2282 4446 2596 4524 significare

2153 4538 2261 4597 L2
