3282 5193
676 417 827 491 160
1098 427 1105 434 ·
1528 437 2034 525 αωεεΑΒΙΠΜ

749 646 888 702 835.
948 617 1339 700 Πινῦσκω.
1421 643 1629 700 Doeeo.
1738 641 1833 699 Ab
1862 640 2099 719 antiquo
2125 639 2297 698 verbo
2325 640 2500 709 πνύω,
2532 641 2718 719 prima
2744 661 2882 718 pro-

669 729 858 798 ducta,
888 728 1053 807 cujus
1092 728 1411 807 perfectum
1448 728 1662 805 passim
1703 727 1861 806 apud
1898 728 2220 788 Homerum
2258 728 2524 796 occurrit,
2563 726 2878 787 formatum

670 829 757 880 est
784 823 1049 890 πινὺσκω,
1074 819 1270 879 eadem
1298 818 1558 896 analogia
1584 839 1699 898 qua
1727 823 1985 895 γινώσκω
2013 838 2048 876 a
2068 822 2255 893 γνώω.
2341 811 2568 878 callim.
2593 817 2676 878 H.
2698 819 2877 878 Dian.

674 917 811 972 152.
856 912 1135 992 κερδαλὲῳ
1160 913 1316 990 μύθῳ
1347 916 1431 980 σέ,
1462 914 1581 980 θεή,
1610 913 1775 988 μάλα
1803 910 1940 990 τῷδε
1966 910 2243 968 πινύσκει.

750 1055 889 1113 836.
946 1026 1513 1126 *Θεοβλαβὲακ
1601 1052 1759 1109 Deos
1783 1050 2018 1125 injuriis
2045 1050 2278 1107 lacesso.
2362 1048 2667 1126 Perperam
2697 1048 2881 1107 Scho-

668 1140 850 1209 liasta,
880 1146 983 1210 τὴν
1028 1143 1093 1198 ἐκ
1135 1143 1250 1198 τῶν
1298 1143 1445 1196 θεῶν
1486 1136 1728 1211 βλαβὴν
1771 1138 2097 1214 πάσχοντα.
2177 1133 2444 1193 Acti-vam
2483 1135 2600 1194 vim
2643 1134 2876 1206 habere,

668 1231 781 1291 loci
832 1250 1029 1290 sensus
1084 1230 1221 1290 satis
1282 1229 1572 1288 evidenter
1630 1234 1950 1296 monstrat3
2019 1233 2088 1286 ut
2141 1231 2450 1286 θεοκλυτὰω
2503 1245 2677 1303 supra
2733 1229 2872 1286 506.

672 1324 905 1383 Passivo
948 1343 1120 1384 sensu
1163 1320 1489 1396 θεοβλαβὴς
1524 1319 1669 1379 dixit
1711 1319 1994 1378 Herodot.
2025 1317 2203 1377 VIII.
2239 1321 2372 1381 137.
2416 1326 2474 1376 et
2515 1316 2876 1393 θεοβλάβεια

669 1415 971 1476 AEschines
996 1436 1050 1475 c.
1082 1415 1344 1493 Ctesiph.
1374 1435 1436 1492 p.
1467 1415 1604 1474 293.
1634 1412 1709 1470 B.
1753 1408 2250 1487 δαιμονοβλάβεια
2289 1408 2564 1488 Polybius
2600 1409 2872 1488 Excerpt.

674 1507 743 1566 F.
776 1507 973 1566 Ursin.
1003 1526 1064 1584 p.
1099 1510 1233 1567 139.

753 1641 893 1698 840.
952 1617 1214 1699 Λακῖς.
1300 1635 1435 1694 vid.
1468 1653 1646 1713 supra
1678 1635 1814 1693 130.

751 1790 889 1847 841.
945 1761 1590 1867 *Στημοῤῥαγέω.
1681 1782 2037 1842 Stamim'bue
2063 1784 2260 1858 ruptis
2293 1781 2544 1839 scindor.
2587 1800 2621 1838 a
2651 1785 2879 1859 στήμων

670 1883 913 1934 atamen.
973 1872 1140 1931 Plato
1160 1871 1384 1932 Politic.
1404 1891 1463 1949 p.
1492 1871 1625 1929 181.
1658 1871 1720 1930 τὸ
1747 1871 1856 1950 μὲν
1883 1872 2134 1948 ἀτράκτῳ
2163 1894 2224 1928 τε
2253 1869 2502 1947 στραφὲν
2528 1873 2619 1928 καὶ
2647 1875 2878 1946 στερεὸν

676 1973 827 2046 νῆμα
858 1964 1199 2042 γενόμενον,
1228 1967 1481 2038 στήμονα
1508 1969 1617 2039 μέν
1647 1976 1806 2041 φασι.
1872 1961 2043 2021 Unde
2059 1959 2307 2020 Noster
2289 1980 2352 2018 m
2372 1960 2718 2039 Etymologo
2739 1961 2871 2020 MS.

672 2057 827 2136 apud
857 2056 1167 2115 Ruhnken.
1198 2054 1273 2113 ad
1299 2054 1585 2113 Timaeum
1616 2075 1679 2132 p.
1717 2055 1848 2117 177.
1896 2053 2040 2111 dixit
2087 2055 2152 2111 ἐν
2197 2055 2576 2129 μανοστὴμοις
2617 2055 2871 2122 πέπλοις,

671 2148 713 2207 i.
744 2167 793 2206 e.
825 2151 1241 2224 ἀραιοστὴμοις.
1298 2146 1378 2204 sie
1425 2145 1577 2203 enim
1626 2153 1758 2203 ante
1802 2143 2216 2203 Ruhnkenium
2259 2143 2397 2201 olim
2439 2143 2711 2203 citaverat
2753 2146 2872 2202 Sal-

676 2238 889 2298 masius
915 2240 991 2298 ad
1015 2237 1255 2297 Tertull.
1288 2237 1359 2295 de
1387 2235 1625 2313 Pa11.p.
1658 2239 1756 2293 41.

754 2381 891 2438 842.
954 2353 1306 2459 Πραΰνω.
1393 2375 1526 2435 vid.
1560 2395 1735 2454 supra
1766 2379 1898 2436 195.

753 2531 889 2588 843.
945 2504 1377 2611 Ἀνέχομαι.
1466 2527 1754 2584 Sustineo.
1855 2523 2078 2582 Notent
2130 2522 2346 2582 tirones
2399 2524 2878 2584 constructionem

669 2636 807 2675 voum
833 2614 1155 2693 participio·
1238 2612 1441 2691 Eurip.
1480 2613 1644 2672 Med.
1675 2615 1776 2672 38.
1849 2618 2064 2683 Βαρεῖα
2108 2611 2221 2687 ’γὰρ
2264 2615 2427 2689 φρήν,
2469 2612 2578 2671 οὐδ’
2617 2616 2878 2682 ἀνέξεται

667 2711 847 2767 κακῶς
872 2705 1187 2783 Πάσχουσζ
1252 2704 1549 2764 Heraclid.
1574 2707 1715 2763 353.
1762 2709 2058 2782 Νικωμένη
2079 2702 2192 2777 γαρ
2220 2704 2454 2763 nands
2475 2708 2573 2763 οὒκ
2593 2709 2876 2775 ἀνέξεται.

672 2796 955 2859 Herodot.
986 2795 1163 2854 VIII.
1197 2795 1293 2855 26.
1337 2794 1463 2856 οὔτε
1502 2801 1784 2874 ἠνέσχετο
1829 2800 2059 2869 σιγέων,
2093 2794 2220 2853 εἶπέ
2259 2818 2320 2853 τε
2361 2798 2418 2853 ἐς
2457 2799 2678 2855 πάντας
2715 2799 2874 2857 τάδε.

666 2890 745 2949 cf.
777 2889 827 2948 Ῑ.
860 2892 959 2949 80.
1014 2888 1089 2947 V.
1126 2892 1220 2948 19.
1249 2890 1350 2947 48.
1434 2887 1703 2965 Thucyd.
1735 2888 1787 2946 I.
1821 2888 1918 2949 77.
1984 2886 2274 2963 δεινότερα
2309 2886 2514 2947 τούτων
2535 2887 2879 2967 Σπάσχοντες

671 2987 989 3059 ἠνείχοντο.
1072 2979 1207 3037 vid.
1254 2978 1463 3038 Monk.
1510 2979 1585 3037 ad
1629 2977 1874 3055 Hippol.
1919 2981 2059 3037 354.
2140 2978 2512 3037 Valckenaer.
2557 2980 2632 3038 ad
2671 2980 2874 3059 Eurip.

672 3071 877 3129 Phoen.
902 3074 1041 3129 550.
1111 3070 1303 3127 Orest.
1335 3072 1505 3127 1615.
1550 3074 1767 3147 ἀνέχου
1796 3068 1844 3126 δ’
1875 3070 2097 3129 ἐνδίκως
2124 3070 2401 3146 πρᾶσσων
2429 3076 2620 3129 κακῶς.
2705 3071 2876 3131 Conf.
2975 3108 2984 3115 ι

674 3161 907 3239 Lysiam
928 3161 999 3218 T.
1022 3160 1072 3218 I.
1092 3180 1155 3237 p.
1175 3162 1313 3218 318.
1358 3158 1573 3237 Auget.
1596 3158 1881 3218 Herodot.
1901 3160 2009 3218 VI.
2036 3164 2168 3219 112.
2199 3168 2258 3219 et
2275 3161 2544 3220 Larcher.
2570 3162 2644 3220 ad
2661 3161 2711 3219 1.
2734 3165 2870 3221 205.
2937 3168 2948 3175 ”

674 3252 769 3311 Sic
784 3254 1095 3330 ὑπομένειν
1112 3271 1244 3309 cum
1260 3250 1581 3328 participio,
1604 3252 1740 3310 Vid.
1763 3251 2050 3310 Schaefer.
2071 3252 2145 3310 ad
2163 3252 2432 3329 Sophocl.
2453 3253 2589 3312 OEd.
2610 3254 2681 3311 Τ.
2699 3256 2872 3312 1323.

670 3348 1113 3424 μεταμελέσθαι,
1142 3341 1409 3421 Thucyd.
1439 3341 1581 3400 VII.
1614 3345 1712 3401 50.
1764 3348 2144 3422 μετεμέλοντο
2175 3345 2444 3419 πρότερον
2471 3348 2568 3403 οὒκ
2595 3345 2876 3403 ἀναστάν-

550 3455 557 3465 ·
669 3461 778 3496 τες.
863 3436 957 3495 Sic
978 3437 1064 3495 II.
1085 3440 1183 3499 47.
1228 3434 1353 3493 οὔτε
1383 3437 1582 3511 ἤρκουν
1612 3436 2005 3507 θεραπεύοντε.
2055 3432 2337 3491 Herodot.
2358 3434 2467 3493 VI.
2490 3439 2546 3495 9.
2588 3435 2873 3513 πειράσθω

670 3532 1023 3606 ἀποσχίζων.
1107 3527 1321 3585 Noster
1362 3526 1660 3584 Prometh.
1700 3527 1836 3584 663.
1907 3527 2251 3605 αῖσχΰνομαι
2303 3531 2584 3599 λέγουσα.
2668 3528 2872 3605 Eurip.

674 3620 881 3679 Phoen.
912 3624 1049 3680 459.
1094 3616 1316 3677 τάσσων
1351 3620 1621 3695 ἔπεσχον.
1708 3617 1801 3676 Sic
1830 3617 2001 3676 etiam
2033 3620 2338 3696 τιμώμενοι
2375 3624 2640 3696 χαίρουσι
2669 3618 2873 3696 Eurip.

674 3710 915 3787 Hippol.
942 3713 998 3767 8.
1022 3709 1123 3767 ubi
1141 3708 1258 3768 vid.
1279 3708 1487 3767 Monk.
1522 3708 1682 3785 (cum
1700 3708 1810 3767 isto
1837 3709 1962 3768 loco
1983 3709 2217 3767 omnino
2243 3709 2626 3769 conferendus
2647 3709 2877 3787 Hippo-

671 3808 812 3858 crat.
839 3799 909 3857 de
928 3800 1063 3857 Aer.
1089 3806 1147 3857 et
1168 3799 1281 3877 Aq.
1313 3804 1446 3857 111.
1469 3820 1528 3876 p.
1561 3802 1694 3857 104.
1719 3800 1810 3858 ed.
1833 3800 2023 3859 Corui.
2067 3804 2117 3859 εἶ
2149 3800 2213 3871 δὴ
2241 3802 2545 3879 τιμώμενοι
2572 3809 2874 3881 χαίρουσιν

672 3890 724 3948 οἶ
753 3893 869 3948 θεοὶ
896 3894 985 3947 καὶ
1015 3893 1437 3966 θαυμαζόμενοι
1464 3890 1557 3946 ὑπ’
1584 3889 1946 3967 ἀνθρώπων.)
2012 3889 2295 3949 Herodot.
2316 3891 2494 3951 VIII.
2516 3893 2653 3949 236.
2695 3893 2875 3969 χρεώ-

672 3986 1192 4061 μενοι-χαίρουσι.
1277 3981 1366 4039 De
1394 3984 1700 4059 ἀναίνομαι
1729 4001 1863 4040 cum
1888 3980 2190 4059 participio
2217 3981 2334 4040 vid.
2359 3981 2436 4039 ad
2461 3982 2672 4059 Agam.
2703 3984 2842 4042 566.

750 4126 887 4183 850.
944 4102 1431 4206 Ἐσέρχομαι.
1516 4122 1706 4180 Intro.
1791 4123 2046 4180 Verbum
2093 4121 2162 4181 de
2204 4129 2382 4191 metu,
2426 4121 2636 4192 dolore,
2674 4122 2776 4191 ira,
2814 4129 2874 4180 et

664 4209 949 4271 similibus
976 4210 1225 4269 solenne.
1310 4208 1474 4266 Plato
1497 4209 1644 4284 Rep.
1666 4209 1716 4266 1.
1741 4227 1799 4285 p.
1823 4212 1962 4273 372.
1983 4209 2072 4267 ed.
2105 4210 2281 4268 Basil.
2305 4214 2359 4267 2.
2406 4213 2727 4288 εἶσὲρχεται
2751 4210 2873 4269 δέος

670 4305 760 4359 καὶ
788 4307 1024 4380 φροντίς.
1109 4299 1391 4358 Herodot.
1422 4299 1545 4356 ῙῙῙ.
1583 4302 1675 4357 14.
1727 4303 1876 4378 aba-cf?
1907 4299 2187 4384 Καμβύσῃ
2217 4304 2479 4360 ἐσελθεῖν
2508 4302 2694 4360 οἶκτόν
2720 4326 2872 4360 τινα.

669 4391 777 4449 VI.
817 4396 949 4451 125.
1008 4392 1202 4451 ἰδόντα
1246 4391 1308 4449 δὲ
1350 4391 1449 4448 τὸν
1494 4396 1740 4466 Κροῖσον
1780 4397 1964 4465 γέλως
2002 4393 2231 4461 ἐσῆλθε.
2334 4390 2600 4469 Thucyd.
2631 4392 2738 4449 VI.
2771 4396 2872 4451 31.

666 4486 895 4558 μᾶλλον
923 4484 1121 4544 αὐτοῦς
1149 4484 1304 4564 ἐσῄει
1332 4481 1403 4540 roi
1434 4481 1611 4539 δεινά.
1696 4482 1791 4540 Cf.
1816 4482 2188 4541 Valckenaer.
2213 4481 2288 4540 ad
2311 4482 2596 4540 PhoeniSS.
2621 4503 2680 4560 p.
2701 4486 2843 4543 395.
