3282 5193
583 418 687 489 62

1456 408 1992 486 ΑΙΣΧΥΛΟΥ

572 620 750 698 ΧΟ.
796 614 971 696 ἀλλ’
1019 616 1355 713 εὐσταλῆ
1417 617 1540 693 καὶ
1596 611 1871 694 λεκτὸν
1928 615 2255 716 ἀροῦμεν
2312 612 2627 694 στόλον.
2724 626 2882 693 800

574 749 744 822 ΔΑ.
794 744 969 824 ἀλλ’
1013 741 1168 822 οὐδ’
1211 745 1251 822 ὁ
1310 743 1568 841 μείνας
1628 749 1762 820 νῦν
1823 744 1902 822 ἐν
1938 738 2321 824 Ἑλλάδος
2379 738 2636 824 τόποις

801 868 1128 975 στρατὸς
1187 867 1500 974 κυρήσει
1562 870 1928 968 νοστίμου
1986 868 2393 972 σωτηρίας.

574 1001 752 1076 XO.
797 1002 954 1082 πῶς
1014 993 1226 1082 εἶπας
1254 1026 1276 1088 ;

1361 999 1450 1078 οὐ
1506 994 1655 1100 γὰρ
1715 1005 1869 1076 πᾶν
1928 995 2363 1100 στράτευμα
2416 993 2837 1100 βαρβάρων

794 1130 992 1231 περᾷ
1049 1123 1184 1208 τὸν
1210 1119 1507 1226 Ἕλλης
1564 1122 1913 1229 πορθμὸν
1971 1125 2341 1228 Εὐρώπης
2397 1119 2603 1214 ἅπο;

575 1260 743 1342 ΔΑ.

794 1255 1076 1358 παῦροί
1129 1288 1219 1356 γε
1276 1260 1618 1351 πολλῶν,
1683 1254 1755 1332 εἴ
1805 1288 1877 1337 τι
1935 1261 2348 1334 πιστεῦσαι
2407 1258 2599 1334 θεῶν

2724 1266 2877 1333 805

793 1377 942 1486 χρὴ
1002 1378 1538 1487 θεσφάτοισιν,
1601 1386 1705 1464 εὶς
1761 1379 1857 1462 τὰ
1914 1389 2051 1462 νῦν
2107 1381 2605 1485 πεπραγμένα

795 1506 1231 1614 βλέψαντα·
1314 1509 1721 1606 συμβαίνει
1776 1504 1925 1611 γὰρ
1985 1509 2073 1587 οὐ
2130 1505 2225 1586 τὰ
2276 1508 2442 1607 μέν,
2502 1506 2596 1588 τὰ
2655 1508 2717 1587 δ’
2763 1503 2880 1588 οὗ.

796 1636 1050 1736 κεῖπερ
1110 1633 1266 1715 τάδ’
1309 1636 1502 1732 ἐστι’,
1562 1637 1857 1730 πλῆθος
1916 1630 2262 1740 ἔκκριτον
2320 1642 2658 1738 στρατοῦ

797 1763 1068 1860 λείπει,
1131 1769 1469 1843 κεναῖσιν
1527 1762 1837 1842 ἐλπίσιν
1894 1762 2424 1863 πεπεισμένος.

795 1892 1160 1990 μίμνουσι
1223 1891 1314 1988 δ’,
1377 1884 1557 1969 ’ένθα
1613 1891 1878 1971 πεδίον
1916 1888 2274 1977 Ἀσωπὸς
2331 1894 2543 1996 ῥοαῖς

2722 1905 2879 1972 810

801 2012 1036 2120 ἄρδει,
1101 2019 1344 2123 φίλον
1406 2018 1717 2118 πίασμα
1772 2024 2117 2098 Βοιωτῶν
2176 2021 2428 2126 χθονί·

799 2141 888 2223 οὗ
950 2150 1144 2250 σφιν
1187 2151 1434 2224 κακῶν
1494 2141 1761 2252 ὕψιστ’
1804 2146 2205 2245 ἐπαμμένει
2265 2151 2560 2242 παθεῖν,

777 2266 1088 2376 ’ὕβρεως
1149 2266 1425 2352 ἄποινα
1486 2272 1773 2352 κάθέων
1836 2270 2366 2378 φρονημάτων·

799 2401 897 2496 οἵ,
960 2405 1107 2502 γῆν
1165 2396 1909 2499 μολόντεςΈλλοὶδ,
1976 2402 2064 2480 οὗ
2128 2405 2317 2480 θεῶν
2378 2401 2610 2503 βρέτη

801 2531 1149 2629 ηἶδοῦντο
1213 2532 1496 2635 συλᾷν,
1559 2527 1733 2607 οὐδὲ
1790 2525 2211 2632 πιμπράναι
2271 2527 2477 2613 νεώς·

654 2782 793 2839 800.
837 2804 900 2838 τε
921 2799 1023 2857 pro
1045 2782 1135 2839 καὶ
1154 2777 1292 2838 Ald.
1317 2778 1468 2839 Rob.
1492 2779 1672 2837 Turn.

574 2859 664 2918 M.
692 2864 742 2918 1.
766 2863 822 2917 2.
841 2858 1009 2917 Oolb.
1036 2864 1088 2917 1.
1110 2863 1168 2917 2.
1191 2859 1384 2917 Guelf.
1409 2882 1493 2916 τοι
1510 2857 1675 2916 Med.

574 2940 810 2998 BarOCC.
856 2942 946 2997 καὶ
981 2938 1182 3017 Steph.
1267 2938 1416 2997 Dein
1455 2940 1679 3014 ἅρωμεν

575 3019 724 3076 Rob.
784 3017 1022 3075 Porson.
1109 3016 1360 3077 Primam
1419 3016 1477 3074 in
1538 3021 1675 3093 ἀρῶ,

578 3096 962 3173 (contractum
997 3114 1067 3152 ex
1110 3094 1283 3171 ἀερῶ)
1328 3094 1482 3172 quod
1515 3103 1680 3153 vetus

573 3182 660 3234 est
686 3174 947 3233 futurum
976 3173 1048 3231 ab
1079 3179 1264 3250 ἀείρω,
1298 3173 1527 3249 longam
1557 3192 1680 3231 esse

575 3254 780 3313 docent
827 3252 1113 3311 Porsonus
1155 3252 1229 3312 ad
1270 3251 1474 3329 Eurip.
1511 3252 1676 3310 Med.

574 3335 712 3392 848.
756 3330 1063 3391 Elmsleius
1090 3332 1164 3391 ad
1193 3329 1484 3391 Heraclid.
1505 3333 1649 3390 323.

655 3416 792 3473 801.
840 3416 942 3471 νῦν
971 3410 1152 3471 τόποις
1179 3417 1275 3484 τῆς
1297 3410 1575 3469 Ἑλλάδος
1599 3410 1675 3469 G.

654 3494 792 3551 802.
838 3492 1026 3567 κὺρσει
1058 3490 1207 3551 Rob.

655 3575 794 3631 805.
840 3571 1002 3629 Infra
1036 3574 1209 3635 1017.
1250 3570 1417 3647 Ὀρᾶς
1454 3571 1520 3631 τὸ
1562 3576 1679 3629 λοι-

575 3651 686 3709 πὸν
721 3649 846 3709 τόδε
888 3654 986 3708 τᾶς
1023 3652 1163 3725 ἐμᾶς
1201 3656 1404 3709 στολᾶς
1424 3650 1680 3720 ς-Βαια

545 3795 558 3801 ,
577 3733 648 3803 γ’,
681 3735 751 3787 ὡς
779 3729 894 3786 ἀπὸ
923 3733 1175 3787 πολλῶν.
1243 3728 1510 3807 Thucyd.
1532 3730 1678 3787 VII.

575 3810 675 3871 87.
746 3810 836 3866 καὶ
893 3808 1081 3882 ὀλίγοι
1139 3810 1253 3867 ἀπὸ
1304 3813 1539 3867 πολλῶν
1593 3810 1682 3865 ἐπ’

573 3887 727 3946 οἶκον
755 3888 1181 3957 ἀπενόστησαν.

655 3967 794 4030 807.
835 3964 1061 4039 βλέπον
1031 3992 1158 4025 ντας
1187 3967 1336 4025 Rob.
1374 3964 1682 4042 βλέψοντα

575 4045 768 4105 Viteb.
799 4045 1000 4123 Eurip.
1027 4046 1164 4124 Iph.
1185 4045 1262 4104 A.
1293 4049 1465 4105 1411.
1510 4050 1687 4104 Min--

575 4131 681 4187 λον
715 4126 776 4185 δὲ
809 4130 1054 4204 λέκτρων
1089 4130 1203 4185 σῶν
1232 4126 1400 4185 πόθος
1430 4124 1488 4203 μ’
1525 4128 1681 4203 ἐσέρ-

574 4231 764 4285 χεται,
845 4212 942 4265 Εἰς
985 4209 1089 4276 τὴν
1131 4207 1262 4284 φυσι
1271 4231 1301 4264 ν
1341 4204 1675 4283 βλέψαντα·

577 4311 824 4360 γενναια
855 4291 964 4361 γὰρ
993 4286 1066 4345 εἶ.

653 4367 810 4424 Ibid.
840 4364 1042 4444 Eurip.
1056 4364 1192 4424 Hel.
1205 4368 1342 4426 952.
1368 4371 1547 4424 Δυοῖν
1564 4370 1679 4442 γὰρ

573 4443 781 4513 ὄντοιν,
827 4449 936 4523 οὐχ
969 4448 998 4503 ὁ
1024 4446 1135 4520 μὲν
1167 4448 1416 4521 τλήμων,
1453 4448 1482 4505 ὁ
1511 4444 1556 4504 δ’
1582 4471 1674 4506 ου.

575 4488 870 4599 Phocy’lid.
891 4542 985 4599 ap.
1007 4523 1196 4582 Strab.
1217 4524 1293 4581 X
1313 4544 1373 4602 p.
1385 4526 1524 4587 487.
1569 4530 1678 4585 Καὶ

2620 2563 2625 2568 ’
2723 2542 2876 2610 815

1776 2782 1904 2843 τόδε
1932 2784 2284 2843 Φωκυλιδέω·
2329 2791 2523 2863 Λέριοι
2552 2791 2729 2846 κακοί·
2773 2812 2884 2866 ουχ

1775 2865 1805 2925 ὃ
1834 2870 1962 2939 μέν,
1994 2868 2052 2923 ὅς
2080 2864 2124 2923 δ’
2150 2866 2237 2923 οὔ·
2287 2867 2524 2934 Πάντες,
2556 2870 2708 2937 πλὴν
2738 2873 2879 2943 Προ-

1776 2949 1991 3002 κλέους·
2038 2947 2126 3002 καὶ
2166 2951 2447 3021 Προκλέης
2482 2952 2699 3023 Λέριος.
2784 2945 2879 3003 Cf.

1777 3021 2141 3081 Demodocus
2158 3022 2331 3081 Anal.
2354 3024 2425 3082 ’.Γ
2439 3023 2525 3081 II.
2544 3045 2608 3102 p.
2628 3027 2725 3083 56.
2762 3023 2883 3082 He-

1775 3100 1963 3158 rodot.
1994 3100 2047 3158 I.
2086 3102 2219 3159 138.
2282 3104 2338 3160 ές
2386 3128 2545 3161 τουτο
2589 3104 2882 3181 διζήμενος

1774 3180 2025 3252 ευρήσεις
2060 3185 2337 3239 τελευτῶν
2308 3206 2411 3241 ντα
2454 3206 2567 3241 των
2611 3188 2880 3261 Περσέων

1774 3283 1847 3317 τα.
1877 3262 2182 3337 ουνόματα,
2218 3262 2283 3319 οὔ
2321 3285 2393 3319 τα
2430 3268 2561 3341 μέν,
2595 3288 2664 3323 τα
2705 3263 2750 3322 δ’
2789 3267 2875 3332 οὔ,

1774 3338 1933 3397 ἄλλα
1975 3340 2165 3399 πάντα
2204 3342 2421 3419 ὁμοίως.
2468 3341 2555 3401 II.
2585 3346 2683 3405 37.
2726 3344 2875 3401 olnc'
2849 3366 2881 3401 ο

1774 3424 1903 3493 μέν,
1934 3420 1964 3477 ὄ
1987 3418 2032 3478 δ’
2053 3420 2140 3486 οὔ,
2166 3422 2323 3480 ἀλλὰ
2344 3423 2574 3482 πάντες.
2605 3421 2877 3501 Sophocl-

1776 3498 1911 3558 OEd.
1943 3498 2071 3558 Col.
2108 3502 2283 3563 1671.
2340 3506 2405 3561 οὔ
2451 3502 2515 3561 τὸ
2558 3508 2686 3579 μέν,
2733 3506 2882 3561 ἄλλο

1775 3578 1836 3637 δὲ
1872 3582 1971 3655 μ.ἠ
2055 3579 2260 3657 Eurip.
2293 3579 2501 3641 Phoen.
2537 3545 2710 3641 1665.
2794 3584 2881 3640 Ου

1774 3683 1891 3735 γαρ
1926 3683 1989 3717 το
2032 3664 2143 3736 μέν
2177 3684 2264 3717 σοι
2300 3659 2449 3739 βαρυ
2486 3686 2687 3732 κακων,
2731 3662 2795 3722 τὸ
2836 3660 2881 3720 δ’

1774 3742 1839 3797 οὒ
1865 3737 2034 3814 βαρυ.

1854 3832 1991 3891 810.
2038 3824 2206 3889 ἔνθὲν
2240 3832 2465 3910 (sicM.
2498 3836 2581 3914 l.)

1854 3926 1993 3982 811.
2038 3929 2200 4001 φίλος
2227 3925 2419 3985 Viteb.
2452 3925 2623 3987 Colb.
2657 3930 2714 3985 2.

1854 4018 1994 4075 812.
2034 4040 2237 4076 πατειν
2267 4018 2413 4078 Rob.

1854 4111 1991 4167 813.
2037 4108 2375 4189 δωρημάτων
2413 4110 2503 4169 Μ.
2537 4113 2592 4167 2.
2636 4107 2785 4167 Ven.
2814 4112 2873 4167 2.

1774 4186 2397 4328 611881ξ1.ἙλᾶδἈ1ᾶ.

1854 4366 1992 4422 815.
2038 4364 2271 4434 ἡδοῦντο
2318 4363 2455 4422 Ald-
2501 4362 2665 4425 Rob.⁸
2732 4364 2879 4423 Mox

1773 4442 1884 4501 οὐδ’
1928 4444 2275 4522 ἐπιμπρᾶναι
2320 4441 2459 4501 Ald.
2528 4442 2641 4502 ουδ’
2676 4445 2880 4542 ἐμπιμ-

1772 4524 1984 4606 πράναι
2032 4523 2181 4583 Rob.
2267 4521 2395 4581 οὑδὲ
2449 4524 2709 4603 πιμπρᾶν
2753 4546 2877 4583 τους
