3282 5193
557 399 664 470 40

1447 393 1985 469 ΑΙΣΧΥΛΟΥ
2017 400 2022 408 “

1175 633 1182 640 ·
1230 594 1856 701 κατερεικόμεναι,

901 728 1424 825 διαμυδαλέοις
1481 723 1806 828 δάκρυσι
1867 722 2202 810 κόλπους

2632 788 2637 794 .
2708 713 2862 806 545

1011 852 1396 956 τέγγουσ’,
1439 849 1727 955 ἄλγους
1783 852 2264 957 μετέχουσαι.

899 988 976 1061 αἱ
1033 982 1096 1060 δ’
1138 978 1954 1087 ἀκρογόοι,Περσίδες,
2010 983 2302 1084 ἀνδρῶν

1011 1109 1428 1188 ποθέουσαι
1488 1111 1672 1188 ἰδεῖν
1734 1107 2201 1212 ἀρτιζυγίαν,

1012 1236 1350 1339 λέκτρων
1409 1235 1471 1314 τ’
1523 1233 1736 1338 εὐνὰς
1794 1237 2336 1340 ἁβροχίτωνας,

1010 1366 1372 1469 χλιδανῆς
1430 1356 1626 1464 ἥβης
1684 1361 1986 1468 τέρψιν,
2046 1365 2393 1469 ἀφεῖσαι,-

1013 1496 1380 1570 πενθοῦσι
1437 1487 1644 1592 γόοις
1700 1487 2342 1593 ἀκορεστοτάτοις.

2710 1381 2865 1445 550

1017 1611 1312 1720 κᾶγωγε
1366 1615 1603 1719 μόρον
1658 1624 1808 1697 τῶν
1866 1619 2278 1723 οἰχομένων

1123 1746 1308 1848 αἴρω
1365 1746 1685 1844 δοκίμως
1740 1751 2209 1846 πολυπενθῆ.

644 1965 779 2030 544,
825 1965 880 2020 5.
927 1960 1010 2020 Hi
1040 1978 1236 2020 versus
1270 1958 1443 2037 vulgo
1489 1958 1663 2018 alium

560 2039 621 2098 in
648 2040 884 2099 modum
925 2039 1365 2105 distribuuntur,
1403 2045 1667 2115 Κατερει-

565 2122 819 2197 κόμεναι,
890 2119 1282 2197 διαμυδαλέοις
1315 2141 1380 2170 =
1418 2117 1665 2204 Δάκρυσι

561 2200 799 2258 κόλπους
827 2220 919 2256 =.

565 2285 576 2292 “
644 2282 781 2338 545.
826 2278 916 2337 διᾶ
942 2277 1242 2354 μυδαλέοις
1271 2275 1423 2334 libri.
1468 2275 1560 2334 δια
1607 2303 1664 2336 υ-

563 2355 784 2417 δαλέοις
811 2358 1118 2416 Porsonus.
1161 2355 1296 2414 vid.
1326 2301 1605 2434 Appems}
1656 2391 1661 2396 ·

643 2440 780 2501 547.
825 2437 1038 2496 Vocem
1066 2435 1359 2513 ἁβρόγοοι,
1379 2455 1551 2512 quam
1573 2454 1667 2493 ex-

559 2515 762 2574 hibent
798 2515 948 2585 libri,
991 2515 1154 2575 obelo
1201 2513 1419 2573 notavit
1464 2513 1666 2572 Porso-

561 2614 709 2661 nus;
749 2614 856 2654 nee
887 2602 1038 2654 stare
1063 2598 1270 2673 potest,
1340 2612 1481 2652 uum
1508 2591 1667 2652 brevi

558 2673 854 2732 intervallo
919 2681 1188 2753 sequatur
1262 2672 1298 2730 οἱ
1345 2678 1666 2750 ροχίτωνες.

561 2752 826 2811 Pauwius
867 2759 1186 2811 correxerat
1227 2756 1510 2830 ἆκρόγοοί.
1594 2752 1668 2810 In

561 2830 849 2889 simillimo
896 2830 1022 2889 loeo
1065 2852 1124 2891 v.
1189 2835 1322 2892 140.
1398 2830 1667 2909 Περσίδες

561 2909 832 2969 dicuntur
884 2914 1261 2987 ἆκροπενθεῒς.
1365 2910 1667 2969 contrario

560 2988 718 3057 vitio,
773 2988 835 3046 ni
885 2989 1068 3058 fallor,
1118 2997 1415 3068 peccatum
1465 2997 1552 3048 est
1604 2990 1668 3047 in

562 3066 765 3143 Eurip.
850 3066 1134 3127 Phoeniss.
1202 3071 1374 3126 1531.
1458 3069 1668 3127 ἐλάτας

563 3147 885 3221 ἀκροκόμοις
951 3150 1094 3221 ἀμφὶ
1174 3147 1415 3205 κλάδοις.
1540 3146 1669 3205 Imo

562 3224 916 3301 ἀβροκόμοις.
972 3225 1401 3303 Iph.T.1099.
1444 3227 1669 3304 φοίνικά

564 3306 612 3363 θ’
665 3302 1002 3382 ἁβρόκομον.
1067 3306 1216 3369 ‚Ion.
1264 3307 1400 3365 920.
1443 3310 1667 3382 φοίνικα

563 3383 692 3461 πάρ’
738 3384 1075 3460 ἁβρόκομον.
1161 3383 1277 3452 Qui
1315 3383 1669 3464 Ἀβροκόμας

559 3471 798 3524 vocatur
836 3464 898 3523 in
939 3463 1206 3541 Xenoph.
1249 3463 1440 3522 Anab.
1488 3464 1540 3523 I.
1580 3465 1663 3524 iii.

564 3546 660 3602 20.
705 3563 1002 3621 perperam
1039 3543 1305 3601 scribitur
1330 3548 1668 3620 Ἀκροκόμος

559 3621 621 3680 in
662 3621 901 3679 Isocrat.
942 3622 1154 3698 Paneg.
1199 3625 1297 3681 39.
1383 3624 1457 3682 In
1497 3623 1669 3682 Calli-

560 3698 812 3757 maeheis
837 3699 908 3757 fr.
936 3698 1097 3757 CVI.
1130 3718 1235 3776 pro
1278 3699 1382 3758 σῦν
1419 3703 1665 3777 εὒόδμοις

560 3781 846 3850 ἅκραλιπῆ
884 3778 1177 3852 στεφάνοις
1211 3776 1497 3855 eleganter
1536 3801 1669 3839 eon-

551 3853 694 3933 jecit
715 3855 1155 3914 Valckenaerius
1175 3854 1328 3933 ἅβρα
1353 3860 1515 3929 λίπη.
1560 3858 1668 3919 Ce-

559 3944 747 3993 terum
779 3934 986 3994 similia
1018 3934 1136 3992 fere
1159 3936 1493 4013 ‚composita
1531 3946 1668 3997 sunt

558 4020 870 4093 ἀκρομανής
909 4014 971 4073 in
1012 4013 1294 4074 Herodot.
1340 4014 1414 4075 V.
1464 4020 1564 4075 42.
1609 4026 1667 4075 et

557 4096 871 4175 ἀκράχολος
892 4113 986 4171 ap.
1006 4092 1224 4151 Athen.
1249 4092 1327 4151 X.
1349 4114 1410 4171 p.
1430 4099 1570 4154 432.
1592 4096 1663 4155 C.

559 4176 632 4234 In
675 4174 786 4234 hoe
826 4192 994 4233 versu
1034 4171 1170 4231 olim
1211 4172 1558 4250 conjeceram
1605 4176 1666 4234 αἱ

557 4254 892 4332 λαβρόγοοι.
979 4250 1271 4321 Quidnam
1323 4250 1386 4309 in
1425 4271 1530 4311 suo
1551 4272 1666 4312 .ex-

1762 1958 1931 2028 enim,
1990 1961 2049 2017 αἶ
2117 1969 2230 2020 τοῖς
2284 1963 2439 2033 γόοις
2506 1961 2862 2040 δακνόμενοι.

1762 2037 1955 2096 Hodie
2008 2039 2221 2098 arridet
2280 2039 2491 2098 Bothei
2544 2041 2867 2121 conjectura

1760 2116 2081 2192 ἁβρόγυιοι.
2167 2117 2358 2178 Guelf.
2391 2119 2697 2198 ἇβρογόον.

1844 2200 1981 2256 548.
2024 2195 2215 2276 Vulgo
2233 2203 2533 2258 ποθέουσαι
2562 2201 2735 2270 ἰδεῖνς
2766 2202 2868 2260 sed

1764 2274 1908 2334 Cod.
1930 2275 2292 2356 Musquensis
2311 2284 2612 2340 ποθέουσαι
2640 2281 2808 2340 δεινῶ
2812 2307 2863 2340 ν.

1764 2354 2099 2432 Legendum
2125 2364 2268 2434 puto
2290 2363 2589 2419 ποθέουσιν
2612 2365 2738 2430 ἐῶν,
2758 2361 2867 2420 nisi

1762 2433 2094 2492 omittendae
2152 2435 2266 2493 sint
2320 2436 2416 2496 hee
2463 2459 2646 2508 voees,
2690 2447 2756 2498 ut
2806 2439 2869 2497 in

1766 2511 1925 2589 Lips.
1952 2515 2009 2570 2.
2054 2513 2327 2573 Notanda
2354 2524 2546 2576 autem
2574 2518 2869 2592 dissolutio

1765 2589 1961 2650 Ionica
1986 2590 2044 2649 in
2074 2601 2379 2671 systemate
2404 2598 2748 2676 anapaestico
2774 2599 2869 2658 hic

1764 2676 1823 2728 et
1840 2669 1903 2727 in
1920 2690 2015 2729 vv.
2037 2672 2132 2731 63.
2155 2673 2252 2731 64.
2297 2673 2370 2732 In
2386 2676 2498 2735 fine
2519 2698 2714 2737 versus
2742 2682 2866 2757 ἄρτι

1767 2752 2047 2824 συζυγίαν
2066 2750 2204 2809 Ald.
2227 2753 2378 2811 Rob.
2410 2755 2643 2816 Barocc.
2671 2758 2864 2817 Schol.

1846 2832 1983 2890 549.
2028 2836 2269 2908 λέκτρον
2298 2832 2342 2890 δ’
2369 2833 2505 2892 Ald.
2529 2836 2709 2895 Tum.
2741 2844 2868 2897 λέκ-

1768 2931 1909 2985 τρων
1936 2910 1981 2967 r'
2010 2911 2197 2981 ceteri,
2218 2911 2317 2969 sed
2334 2912 2378 2971 τ’
2394 2914 2610 2974 omittit
2629 2917 2866 2977 Baroec.

1848 2991 1985 3047 552.
2030 2994 2187 3064 κάγὼ
2220 2990 2282 3049 δὲ
2314 3011 2532 3051 omnes.
2615 2995 2749 3055 Vid.
2792 2996 2866 3055 ad

1769 3064 2062 3126 Prometh.
2100 3072 2271 3129 1009.
2315 3071 2405 3129 ed.
2435 3071 2687 3133 alterius.

1848 3147 1985 3209 553.
2012 3147 2265 3209 .Mallem
2292 3149 2428 3227 ᾅδω,
2446 3172 2693 3231 namque
2711 3155 2871 3213 verbi

1768 3224 1907 3300 α’ίρω
1942 3224 2004 3283 in
2039 3226 2151 3285 hoe
2184 3246 2353 3287 sensu
2390 3249 2499 3288 vox
2541 3232 2729 3291 media
2753 3235 2869 3292 usi-

1766 3302 1943 3367 tatior
1968 3310 2075 3363 est.
2146 3305 2413 3385 Sophoel.
2440 3309 2577 3369 OEd.
2597 3311 2668 3369 T.
2695 3317 2867 3373 1224.

1766 3381 1857 3441 Οῗ
1885 3383 2003 3460 ἔργ’
2030 3386 2342 3453 ἀκούσεσθ’,
2369 3388 2464 3446 οἷα
2484 3388 2531 3447 δ’
2558 3393 2869 3466 εἷσόψεσθ’,

1766 3461 1905 3520 ὅσον
1959 3462 2005 3521 δ’
2055 3465 2315 3539 Ἀρεῖσθε
2356 3473 2581 3529 πένθος.
2664 3472 2866 3551 Eurip.

1766 3541 1943 3600 Herc.
1974 3542 2041 3601 F.
2074 3546 2211 3604 146.
2252 3548 2387 3605 ὥσθ’
2412 3550 2552 3622 ὑπὲρ
2573 3554 2675 3621 τὴν
2700 3554 2871 3620 ἀξίαν

1764 3621 1843 3679 Τὸ
1870 3628 2075 3681 πένθος
2102 3626 2338 3698 αἴρεσθ’.
2422 3627 2633 3688 Nescio
2660 3651 2733 3689 an
2754 3631 2869 3691 hue

1764 3701 2073 3777 respexerit
2112 3702 2361 3763 Basilius
2400 3705 2653 3784 Magnus
2684 3709 2872 3788 Epist.

1764 3780 1905 3840 379.
1974 3780 2047 3840 ab
2102 3782 2184 3841 Is.
2226 3782 2431 3842 Vossio
2483 3782 2749 3847 laudatus
2796 3791 2872 3850 ad

1766 3856 1979 3916 Catull.
2010 3880 2071 3937 p.
2104 3864 2200 3921 93.
2261 3863 2568 3939 Σιμωνίδου
2609 3866 2780 3927 ὄντως
2838 3872 2871 3940 ἢ

1764 3940 1911 3995 τίνος
1950 3941 2197 4000 τοιούτου
2234 3948 2541 4021 μελοποιοῦ
2574 3946 2866 4025 ἐδεόμεθα,

1764 4017 2019 4093 ἐναργῶς
2075 4020 2279 4082 εἰδότος
2320 4026 2718 4097 ἐπιστενάζειν
2756 4039 2869 4090 τοῖς

1762 4096 1989 4156 πάθεσι.
2036 4105 2213 4161 καίτοι
2252 4109 2308 4162 τί
2345 4108 2503 4181 λέγω
2532 4110 2868 4185 Σιμωνίδην,

1764 4174 1893 4235 δέον
1934 4181 2233 4257 Αἰσχύλον
2270 4186 2473 4255 εἰπεῖν,
2518 4186 2553 4256 ἢ
2593 4190 2644 4246 εἴ
2684 4188 2751 4259 δή
2789 4216 2871 4252 τις

1764 4257 1947 4333 ἔτερος
1982 4268 2389 4337 παραπλησίως
2434 4267 2628 4346 ἐκείνῳ
2662 4284 2869 4349 συμφο-

557 4333 792 4410 emplari
817 4330 1095 4391 invenerit
1120 4330 1398 4389 vetustior
1423 4350 1454 4390 e
1487 4332 1665 4391 Scho-
1758 4338 1858 4411 ρᾶς
1909 4342 2151 4414 μέγεθος
2204 4345 2461 4419 ἐναργῶς
2537 4346 2868 4426 διαθέμενος

553 4409 750 4480 liastis,
787 4410 1114 4490 conjectura
1155 4410 1381 4489 assequi
1421 4431 1659 4549 neqlilieO,
1759 4421 2177 4495 μεγαλοφὼνως
2219 4422 2483 4499 ὠδύρατο.
2574 4425 2870 4490 Himerius

554 4488 662 4547 nisi
716 4489 865 4547 forte
925 4490 982 4545 αἶ
1038 4489 1354 4563 δακνόγοοι,
1413 4508 1523 4568 exp

1567 4498 1663 4551 eat
1759 4512 1853 4571 ap.
1899 4495 2071 4557 Phot.
2117 4499 2396 4561 Biblioth.
2452 4525 2514 4583 p.
2575 4508 2753 4567 2011.
2824 4506 2870 4569 ὦ
