3282 5193
621 446 675 494 X
1546 444 1986 499 PRAEFATIO.

615 619 1018 719 Euripides
1054 619 1378 693 Penthei
1402 620 1743 694 fabulam
1776 621 2040 696 eodem
2068 621 2293 696 modo
2326 645 2481 719 quo
2515 622 2918 721 AEschylus

615 744 997 831 tractavit,
1047 747 1125 853 et
1164 745 1362 818 nihil
1400 738 1551 819 nisi
1590 771 1874 820 nomen
1918 746 2272 834 mutavit,
2316 749 2409 819 ut
2450 746 2558 820 ait
2596 749 2921 852 scriptor

616 869 1049 966 argumenti
1090 869 1188 943 ad
1220 871 1600 958 Baccha83
1657 876 1696 953 ἡ
1730 872 2082 963 μυθοποιΐα
2120 876 2340 943 κεῖται
2373 870 2528 968 παρ’
2564 871 2916 970 Αἶσχῦλῳ·

617 992 706 1066 wi
733 994 932 1080 ὄνομα
970 997 1169 1083 μόνον
1201 998 1731 1084 μεταπεποῖηται
1768 994 2111 1091 Εὐριπίδῃ,
2160 994 2291 1068 Sed
2324 998 2401 1069 ei]
2433 997 2579 1070 1100
2614 996 2707 1071 de
2738 999 2917 1090 μΰθῳ

597 1119 929 1190 tantum
984 1117 1594 1214 intelligendum,
1652 1117 1969 1191 minime
2021 1141 2201 1192 vero
2256 1118 2347 1192 de
2402 1119 2728 1193 dictione
2782 1120 2918 1192 aut

617 1241 950 1316 externis
983 1241 1377 1338 tragoediae
1418 1242 1910 1316 ornamentis.
2017 1242 2419 1339 AEschylus
2460 1245 2722 1316 autem
2760 1265 2920 1314 non

616 1363 800 1436 adeo
867 1363 1307 1438 inventione
1372 1389 1662 1463 pauper
1722 1368 1908 1453 erat,
1980 1367 2071 1439 ut
2139 1365 2561 1464 Phrynichi
2619 1365 2917 1439 fabulas

615 1489 1075 1584 recoqueret.
1180 1487 1392 1561 Audi
1441 1487 1699 1584 ipsum
1745 1489 1838 1563 de
1884 1512 1964 1562 se
2002 1489 2444 1587 loquentem
2488 1489 2694 1587 apud
2743 1489 2917 1562 Ari-

621 1612 1072 1709 stophanem
1105 1609 1189 1683 in
1225 1613 1424 1685 Ran.
1461 1615 1684 1686 1298.

940 1757 1136 1830 Ἀλλ’
1173 1756 1288 1830 οὖν
1323 1759 1459 1858 ἐγὼ
1494 1763 1608 1849 μὲν
1647 1759 1713 1838 ἐς
1746 1760 1833 1834 vti
1873 1761 2079 1835 καλὸν
2116 1761 2193 1834 ἐκ
2226 1769 2353 1834 τοῦ
2388 1767 2598 1836 καλοῦ

925 1883 1269 1984 Ἠνεγκον
1305 1882 1470 1972 αὔθ’,
1505 1887 1607 1957 ἵνα
1644 1888 1732 1978 μὴ
1768 1887 1889 1959 ‘niv
1925 1885 2125 1960 ania-<iv
2158 1889 2469 1986 Φρυνίχῳ

937 2016 1230 2100 Λειμῶνα
1271 2016 1561 2082 Μουσῶν
1599 2011 1776 2105 ἱερὸν
1810 2011 2090 2108 ὀφθείην
2123 2015 2402 2107 δρέπων.

618 2159 1026 2232 Persarum
1059 2161 1602 2256 argumentum
1629 2159 1952 2256 simplex
1976 2163 2115 2248 est,
2145 2163 2235 2252 et.
2250 2161 2696 2261 simpliciter
2719 2163 2918 2239 trac-

614 2284 890 2370 tatum,
928 2283 1012 2355 in
1045 2283 1342 2380 epopoei
1372 2285 1629 2382 potius
1666 2309 1897 2382 quam
1920 2284 2194 2381 tragici
2227 2289 2474 2384 poetae
2506 2310 2821 2374 morem,
2854 2288 2919 2362 si

614 2407 709 2480 ab
743 2407 1181 2482 Aristotelis
1217 2408 1659 2484 definitione
1694 2409 2054 2483 standum
2088 2412 2250 2498 est;
2289 2435 2530 2507 quum
2562 2413 2729 2485 tota
2761 2412 2921 2486 fere

613 2530 876 2604 fabula
913 2555 1050 2630 per
1093 2534 1610 2609 narrationem
1651 2533 2167 2630 transigatur:
2223 2557 2407 2639 nam
2455 2536 2659 2632 quod
2698 2525 2918 2611 Darii

613 2657 887 2729 umbra
932 2655 1497 2753 interloquitur,
1549 2658 1633 2732 id
1666 2681 1939 2755 parum
1974 2659 2111 2730 aut
2143 2657 2341 2729 nihil
2374 2660 2658 2733 actioni
2695 2661 2915 2759 prod-

612 2782 753 2854 est.
858 2780 1068 2855 Hinc
1118 2782 1411 2857 factum
1459 2785 1575 2857 est
1625 2781 1971 2856 fortassis
2022 2784 2113 2855 ut
2168 2782 2619 2858 Hermanno
2630 2785 2698 2873 *,
2750 2785 2916 2859 viro

613 2905 1073 2994 acutissimO,
1112 2907 1366 2981 Persae
1405 2908 1605 2981 nihil
1639 2907 1848 2981 aliud
1888 2906 2353 2995 viderentur,
2393 2932 2623 3004 quam
2654 2932 2915 2984 recens

610 3031 817 3102 natae
859 3030 1046 3103 artis
1086 3031 1342 3104 nobile
1374 3032 1921 3105 rudimentum.
2029 3030 2255 3120 Quod
2288 3055 2383 3105 ex
2422 3032 2704 3135 fabulae
2738 3034 2913 3107 sim-

609 3154 950 3252 plicitate
990 3177 1252 3227 vereor
1293 3156 1383 3227 ut
1425 3156 1599 3228 tuto
1643 3154 1901 3251 colligi
1941 3154 2203 3252 possit.
2312 3156 2613 3253 Quippe
2645 3155 2731 3230 in
2770 3157 2915 3233 hac

608 3277 923 3351 materie
963 3278 1363 3352 tractanda
1406 3278 1689 3352 fabulae
1738 3279 2092 3376 implexae
2138 3280 2351 3354 locus
2395 3281 2529 3355 vix
2573 3283 2689 3354 est
2740 3304 2912 3355 con-

609 3424 883 3477 cessuS.
976 3401 1283 3500 Septem
1314 3403 1627 3475 tantum
1660 3424 1899 3475 annos
1936 3401 2159 3476 docta
2192 3404 2307 3475 est
2342 3402 2509 3476 haec
2540 3403 2916 3500 tragoedia

605 3529 778 3624 post
815 3527 1106 3601 cladem
1144 3526 1639 3601 Salaminiam
1677 3551 1848 3624 quae
1881 3526 1965 3601 in
1999 3551 2088 3601 ea
2120 3529 2499 3600 narratur.
2588 3527 2913 3600 Necesse

609 3652 724 3723 est
760 3652 1022 3723 autem
1047 3651 1417 3757 quidquid
1443 3651 1641 3726 circa
1664 3652 1878 3726 istud
1902 3653 2207 3748 tempus
2235 3651 2485 3724 Persis
2514 3650 2909 3739 acciderat,

607 3772 1210 3847 Atheniensibus
1242 3774 1476 3871 probe
1510 3774 1907 3871 cognitum
1939 3774 2196 3847 fuisse.
2287 3774 2523 3847 Porro
2556 3772 2721 3870 ipsa
2746 3799 2912 3848 ma-

607 3896 833 3969 teries
869 3896 1054 3970 adeo
1089 3897 1341 3994 gravis
1370 3900 1535 3971 erat
1560 3922 1649 3973 ac
1686 3898 2059 3987 sublimiS,
2088 3900 2179 3971 ut
2215 3897 2309 3971 ab
2344 3897 2689 3971 historiae
2720 3898 2911 3972 veri-

608 4021 770 4094 tate
801 4022 923 4096 vel
956 4023 1206 4096 latum
1250 4046 1593 4119 unguem
1633 4023 2013 4098 discedere
2053 4023 2349 4099 facinus
2390 4023 2685 4110 fuisset,
2722 4046 2911 4120 prae-

611 4145 873 4219 sertim
909 4170 1150 4244 quum
1189 4147 1388 4219 nihil
1429 4147 1846 4245 excogitari
1884 4151 2161 4246 posset,
2214 4174 2364 4246 quo
2398 4149 2643 4246 magis
2678 4148 2911 4221 hono-

608 4267 816 4342 rifice
864 4270 1362 4344 laudarentur
1407 4269 1938 4358 AthenienseS,
1996 4296 2229 4369 quam
2281 4274 2346 4348 si
2399 4273 2569 4370 quis
2619 4296 2762 4359 reS,
2817 4272 2912 4345 ab

1146 4481 1180 4518 ’¹‘
1227 4480 1461 4539 Praefat.
1494 4481 1566 4540 ad
1594 4480 1891 4560 Aristoph.
1925 4484 2082 4543 Nub.
2114 4505 2174 4562 p.
2204 4505 2375 4543 xxxv.
