3282 5193
716 391 867 462 166
1572 407 2077 464 enossARmM

695 601 939 664 pronus.
1000 584 1223 643 Notum
1250 590 1338 644 est
1366 583 1734 661 proverbium
1763 587 1972 659 ἀγαθοὶ
2000 584 2044 645 δ’
2073 583 2395 661 ἀριδάκρυες
2431 583 2649 660 ἄνδρες.
2707 585 2922 645 Zenob.

714 675 767 738 Ῑ.
803 680 895 735 14.

791 821 931 878 942.
986 790 1422 896 Ἀπαυρᾶω.
1472 812 1666 890 (eujus
1689 814 1966 874 vetustior
2003 815 2189 873 forma
2225 823 2346 873 erat
2384 814 2664 892 ἀπαῦρω.)
2710 817 2923 875 Fruar.

708 905 988 962 Fructum
1042 909 1295 977 reporto.
1380 899 1631 958 Pessime
1677 900 2033 977 interpretes,
2080 903 2297 977 erupuit
2321 906 2533 978 florem
2567 903 2922 978 juventutis.

709 995 931 1054 Locum
959 991 1039 1052 sic
1064 993 1318 1063 verteris,
1347 991 1520 1050 Mars
1546 999 1742 1049 noster
1765 993 2004 1049 navibus
2023 994 2342 1050 instructus
2367 992 2430 1069 (i.
2457 1014 2507 1050 e.
2528 991 2752 1070 σίιωειζς)
2785 994 2928 1051 aliie

709 1087 1009 1142 victoriam
1036 1085 1257 1153 cedens,
1283 1081 1435 1141 mala
1453 1101 1766 1158 perpessus
1789 1089 1876 1140 est
1897 1084 1970 1140 ab
1998 1083 2254 1140 Ionibus.
2327 1082 2660 1140 Simillimus
2681 1089 2766 1140 est
2782 1101 2922 1141 usus

709 1175 867 1234 verbi
892 1179 1130 1251 ἠπαύρω
1160 1195 1255 1252 ap.
1286 1172 1527 1232 Hesiod.
1564 1172 1681 1250 Op.
1706 1175 1844 1230 238.
1887 1175 2130 1233 πολλάκι
2159 1177 2247 1233 καὶ
2273 1175 2539 1252 Ευμπᾶσα
2565 1172 2726 1232 πόλις
2755 1179 2923 1232 κακοῦ

706 1267 907 1342 ἀνδρὸς
948 1266 1193 1342 ἀπηύρα,
1218 1265 1310 1324 uti
1350 1263 1664 1324 rectissime
1703 1263 1882 1322 edidit
1909 1265 2266 1324 Gaisfordius
2299 1265 2362 1324 in
2395 1265 2621 1344 egregio
2652 1264 2750 1323 illo
2778 1265 2920 1323 Poe·

711 1367 901 1418 tarum
926 1358 1217 1418 minorum
1244 1374 1500 1434 corpore.

793 1505 931 1563 943.
990 1473 1528 1582 Ναῦφρακτος.
1601 1497 1866 1556 Navibus
1885 1499 2156 1556 munitus.
2242 1497 2504 1567 Photius,
2532 1497 2914 1574 Ναύφρακτον,

708 1590 814 1661 τήν
854 1587 1110 1659 Ἀττικήν
1154 1585 1394 1661 δύναμιν
1436 1587 1692 1643 καλοῦσι.
1778 1582 1980 1661 Eurip.
2023 1583 2157 1661 Iph.
2198 1581 2272 1642 A.
2326 1588 2499 1644 1259.
2558 1588 2731 1660 ὁρᾶθ’,
2776 1587 2915 1643 ὅσον

714 1682 1032 1759 στράτευμα
1067 1683 1413 1755 ναύφρακτον
1454 1673 1601 1734 τόδε.
1687 1673 1760 1731 In
1796 1673 1910 1732 hoc
1946 1673 2072 1733 loco
2111 1673 2180 1732 de
2218 1675 2519 1733 Persarum
2557 1675 2734 1736 classe
2774 1676 2919 1734 acci-

711 1771 983 1851 piendum
1010 1777 1170 1848 patet
1197 1789 1267 1827 ex
1293 1788 1349 1825 v.
1389 1770 1559 1828 1029.
1605 1770 1895 1842 τραπέντα
1925 1767 2274 1844 ναύφρακτον
2299 1769 2443 1842 ἐρεῖς
2472 1769 2695 1846 ὅμιλον.

793 1923 951 1980 Ibid.
992 1896 1477 2001 Ἐτεραλκής.
1563 1919 1719 1976 Auis
1758 1919 2104 1994 opitulatus.
2187 1920 2427 1978 Homer.
2473 1920 2639 1978 Iliad.
2688 1927 2763 1978 H.
2815 1921 2914 1980 26.

713 2012 900 2088 μάχης
929 2012 1233 2084 ἑτεραλκέα
1264 2012 1441 2077 νίκην.
1486 2003 1587 2062 ubi
1617 2003 1812 2062 Schol.
1833 2004 2036 2063 Venet.
2067 2004 2236 2064 οὕτως
2265 2010 2297 2075 ἦ
2337 2013 2459 2076 νίκη
2485 2012 2742 2081 λέγεται,
2772 2007 2914 2067 ὅταν

710 2101 763 2158 οἱ
824 2105 1078 2158 νικῶντες
1136 2101 1416 2157 νικῶνται.
1477 2096 1511 2164 ἢ
1552 2096 1853 2153 ἀνάπαλιν
1910 2097 1978 2153 ἐν
2027 2098 2205 2175 ἄλλῳ,
2255 2095 2534 2173 (intellige
2575 2099 2788 2175 Λεξικῷ
2825 2097 2916 2155 vel

714 2193 1123 2268 ’Υπομνῆματὴ
1155 2193 1259 2260 τὴν
1287 2195 1399 2247 τοῖς
1428 2188 1628 2264 ἑτέροις
1671 2186 1856 2256 ἀλκήν
1885 2189 1976 2244 καὶ
2005 2187 2246 2264 δύναμιν
2281 2194 2671 2265 παρέχουσαν·
2716 2190 2752 2257 ἢ
2779 2189 2922 2249 ὅταν

712 2283 764 2342 οἱ
792 2287 985 2359 πρώην
1016 2287 1333 2353 νικηθέντες
1364 2282 1651 2348 νικήσωσι.

793 2427 931 2485 944.
988 2399 1300 2505 Νύχιος.
1382 2420 1735 2478 Nocturnus.
1820 2422 1938 2489 ἤτοι
1980 2419 2146 2478 νΰκτα
2185 2423 2273 2478 καὶ
2315 2421 2565 2479 θάνατον
2599 2428 2919 2496 γεγονυῖαν

712 2515 918 2570 αὺτοῖς.
978 2509 1171 2568 Schol.
1228 2506 1510 2586 Equidem
1538 2525 1686 2584 pene
1713 2506 1968 2584 suspicor
1993 2506 2298 2584 legendum
2333 2506 2579 2586 βρύχιον
2607 2510 2818 2576 πλάκα,
2849 2516 2918 2567 ut

711 2619 885 2678 supra
911 2604 1050 2660 403.
1096 2598 1288 2676 ἆλμὴν
1314 2596 1578 2676 βρῦχιον.
1609 2596 1702 2656 vel
1727 2603 1966 2676 μυχίαν,
1998 2606 2064 2655 ut
2090 2598 2150 2655 in
2179 2599 2315 2656 881.
2359 2603 2546 2677 μυχία
2575 2624 2638 2657 τε·
2671 2604 2920 2675 Προπον-

709 2698 811 2750 τίς.
893 2692 1128 2750 Montes
1157 2689 1391 2768 Rhipaei
1419 2690 1609 2767 νύχιοι
1636 2697 1913 2747 vocantur
1946 2688 2220 2767 Sophocli
2251 2688 2384 2747 OEd.
2416 2690 2546 2748 Col.
2584 2692 2758 2749 1248.

789 2832 945 2889 nid.
1008 2806 1268 2915 Πλάξ.
1353 2830 1489 2889 vid.
1519 2850 1696 2908 supra
1726 2832 1859 2893 724.

789 2968 945 3026 aid.
1007 2946 1279 3048 Κεῖρω.
1395 2968 1644 3026 Tondeo.
1733 2966 2085 3045 Interpretes
2139 2973 2371 3025 vertunt
2418 2968 2776 3048 κερσάμενος,
2824 2970 2922 3027 de-

698 3056 1042 3129 populatus.
1144 3054 1257 3110 Sed
1302 3059 1550 3128 κείρομαι
1603 3054 1666 3110 in
1708 3053 1900 3111 media
1940 3072 2078 3111 voce
2118 3054 2382 3131 nuspiam
2425 3054 2638 3114 offendi
2673 3055 2783 3113 nisi
2815 3056 2918 3114 ubi

712 3144 1057 3219 significaret
1100 3144 1303 3201 tondeo
1342 3145 1584 3217 capillos
1624 3146 1687 3200 in
1729 3146 1948 3218 siquam
1990 3145 2224 3203 doloris.
2317 3145 2493 3203 Porro
2521 3146 2804 3205 rarissima
2831 3155 2918 3207 est

710 3234 903 3292 hoeece
943 3232 1140 3292 aoristi
1164 3233 1385 3303 forma3
1430 3232 1696 3292 usitatior
1726 3240 1812 3293 est
1849 3238 2175 3313 ἑκειράμην.
2261 3236 2350 3294 De
2383 3236 2497 3296 hoc
2523 3237 2649 3296 loco
2677 3240 2917 3318 ἐπέχειν

710 3325 878 3385 δοκεῖ.
964 3324 1074 3385 Per
1100 3328 1277 3385 ἀκτάν
1304 3323 1560 3403 intellige
1590 3325 1903 3405 Psyttaleoe
1931 3326 2087 3386 litus.

790 3471 930 3529 948.
987 3440 1532 3548 Παραστάτης.
1604 3465 1722 3531 Qui
1730 3467 1993 3541 proxime
2019 3467 2242 3523 adstat.
2292 3465 2420 3524 Vox
2439 3465 2718 3525 militaris.
2769 3468 2914 3528 Lex.

706 3554 1038 3614 coislinian.
1070 3574 1131 3630 p.
1164 3554 1304 3611 506.
1348 3550 1726 3628 παραστάται·
1769 3550 1819 3609 οἱ
1849 3552 2121 3627 ὁμόζυγοι
2153 3554 2264 3609 τῶν
2302 3555 2499 3629 λόχων
2526 3548 2913 3627 πρωτοστάται

704 3650 794 3706 καὶ
839 3632 1158 3713 ἐπιστάται,
1193 3645 1284 3703 διὰ
1324 3646 1387 3704 τό
1424 3644 1553 3721 παρ’
1598 3646 1876 3714 ἀλλήλοις
1912 3644 2201 3703 ἵστασθαι.
2286 3643 2452 3703 Idem
2488 3645 2606 3704 fere
2660 3664 2727 3704 ac
2768 3671 2912 3725 παρ·

713 3744 986 3807 ασπίστης
1014 3736 1107 3793 vel
1134 3736 1515 3806 ὕπασπίστης.

786 3881 923 3938 955.
969 3850 1251 3959 αΈῤῥω.
1340 3876 1475 3935 vid.
1508 3892 1683 3954 supra
1715 3877 1846 3938 738.

784 4017 921 4161 91516.
980 3988 1396 4099 Στυφελός.
1486 4014 1696 4090 Asper.
1781 4012 1918 4072 Vid.
1963 3994 2136 4091 supro
2171 4015 2308 4071 308.
2395 4013 2646 4073 Glossar.
2679 3994 2742 4074 in
2770 4016 2911 4075 Pro·

700 4111 821 4163 met
870 4147 885 4162 .
920 4106 1057 4167 773.
1849 4118 1858 4133 ¹

780 4231 938 4290 aid.
1002 4209 1267 4289 Θείνω.
1355 4231 1548 4288 FeriO.
1633 4229 1787 4288 Vide
1813 4236 2012 4287 notata
2037 4230 2112 4288 ad
2137 4230 2323 4289 Theb.
2354 4232 2492 4293 378.

782 4368 919 4430 965.
978 4345 1548 4447 Ἐπανείρομαι.
1629 4354 1856 4423 Bur-'sus
1875 4367 2188 4440 intem-090.
2271 4366 2570 4445 Aristoph.
2592 4366 2739 4425 Rau.
2765 4371 2906 4426 434.

703 4456 882 4536 μηδὲν
910 4458 1132 4531 μακρὰν
1160 4458 1431 4532 ἀπέλθῃς,
1465 4452 1610 4525 Mn&
1638 4448 1795 4533 αὖθις
1825 4455 2070 4532 ἐπανέρῃ
2097 4478 2196 4535 με.
