3282 5193
1264 396 1701 450 PRAEFATIO.
2537 382 2672 454 xix

352 572 502 640 ταῖς
557 568 625 639 ἐν
680 575 771 663 τῇ
824 574 1102 665 κεφαλῇ
1153 573 1384 665 θριξίν.
1490 559 1734 644 Valde
1784 573 2044 646 autem
2100 571 2368 646 dubito
2425 597 2527 649 an.
2577 577 2661 651 in

344 691 677 778 modicis,
733 692 1010 789 quibus
1072 693 1471 792 AEschylus
1525 694 1987 770 instraverat
2041 697 2344 794 pulpita
2397 702 2657 792 tiqnis,

342 812 553 886 locus
604 818 800 888 esset
852 817 1411 916 quinquaginta
1452 818 1736 892 Furiis.
1845 820 2289 910 Quinetiam
2339 825 2658 900 tantum

342 936 553 1010 abest
573 940 665 1011 ut
686 939 1245 1037 quinquaginta
1270 942 1501 1037 simul
1522 943 1609 1017 in
1634 965 1938 1017 scenam
1961 945 2332 1042 prodiisse
2355 952 2652 1044 putem,

339 1063 430 1133 ut
482 1065 777 1136 certum
825 1063 1019 1136 mihi
1069 1063 1441 1153 videatur,
1490 1089 1588 1140 ne
1639 1067 2074 1164 quindecim
2127 1069 2461 1165 quidem,
2521 1077 2653 1149 sed

336 1184 491 1256 tres
545 1186 879 1272 tantum,
935 1187 1018 1259 in
1078 1189 1463 1262 orchestra
1522 1190 1972 1264 constitisse.
2105 1193 2378 1290 Neque
2438 1196 2649 1272 enim

335 1306 691 1382 credibile
723 1311 840 1384 est
867 1310 1313 1407 AEschylum
1333 1310 1420 1385 in
1450 1311 1722 1409 patriae
1756 1314 2304 1411 superstitiosae
2339 1320 2642 1414 mytho-

332 1429 537 1526 logia
586 1434 751 1507 tam
799 1434 1158 1508 audacter
1209 1434 1631 1524 innovasse,
1680 1437 1773 1510 ut
1825 1460 2238 1512 numerum
2301 1439 2640 1530 dearum,

334 1581 522 1653 quas
573 1555 1078 1633 Athenienses
1135 1581 1437 1632 summa
1481 1581 1661 1632 cum
1712 1558 2079 1657 religione
2131 1563 2493 1652 colerent,
2543 1589 2640 1638 ex

328 1682 576 1756 tribus
612 1683 709 1755 ad
743 1681 1301 1779 quinquaginta
1342 1685 1698 1780 augeret:
1752 1706 1929 1756 vere
1964 1683 2174 1757 enim
2209 1686 2638 1762 observavit

332 1803 745 1878 Salmasius
798 1805 883 1877 in
934 1805 1282 1902 Epistola
1341 1805 1433 1878 de
1488 1805 1794 1879 Herode
1849 1806 2317 1881 Infanticida
2374 1834 2450 1906 p.
2511 1813 2632 1885 36.

327 1926 644 2000 deorum
667 1950 1023 2026 personas
1049 1950 1208 2001 non
1230 1926 1421 2022 fingi
1446 1949 1493 1999 a
1515 1927 1785 2024 poetiS,
1813 1928 1941 2000 sed
1976 1929 2238 2026 accipi.
2344 1931 2636 2006 Eodem

324 2049 656 2146 pertinet
689 2050 1125 2125 Aristotelis
1161 2050 1585 2124 observatio
1621 2052 1713 2124 de
1756 2051 2116 2148 tragicis3
2174 2059 2312 2126 τῶν
2364 2061 2631 2152 γενομέ-

323 2206 451 2244 νων
499 2175 841 2266 ὀνομάτων
890 2175 1314 2274 ἀντέχονται·
1376 2177 1533 2252 τοὺς
1585 2177 1718 2271 γὰρ
1773 2179 2334 2269 παρειλημμένουα
2384 2181 2625 2268 μῦθουο

323 2296 508 2366 λὺειν
561 2300 683 2369 οὐκ
733 2298 903 2369 ἔστι.
1007 2298 1289 2369 Ternas
1344 2297 1606 2369 autem
1663 2295 1898 2369 fuisse
1955 2297 2445 2384 Eumenidas,
2503 2300 2627 2373 vel

320 2421 577 2517 pueris
629 2421 1119 2495 notissimum
1170 2423 1333 2506 est;
1394 2421 1653 2492 ternas
1711 2421 2022 2494 tantum
2075 2423 2338 2517 poetas
2393 2444 2622 2518 agno-

314 2542 535 2631 visse,
586 2544 775 2634 loca,
826 2567 999 2643 quae
1055 2544 1501 2641 sequuntur,
1556 2540 1942 2618 evincunt.
2048 2543 2312 2643 Eurip.
2367 2542 2616 2619 Orest.

330 2667 551 2739 1664.

630 2890 882 2962 ἐνθένδε
934 2890 999 2961 τ’
1054 2890 1264 2961 ἐλθὼν
1316 2892 1442 2971 τὴν
1482 2886 1836 2969 Ἀθηναίων
1892 2890 2118 2973 πόλιν,

625 3014 806 3096 δίκην
858 3015 1162 3111 ὑπόσχεο
1212 3014 1487 3109 αἵμᾳτοο
1535 3013 1997 3107 μητροκτόνου

634 3139 936 3227 Εὗμενῖσι
989 3141 1314 3231 τρισσαῖς.

323 3374 871 3472 ΗᾶῘΡΟΟῘᾶῩιὶΟ;
945 3375 1289 3471 Αἶσχῦλοα
1326 3372 1694 3462 Εὐμενίσιν,
1733 3372 1924 3444 εἷπῶν
1960 3378 2046 3445 τὰ
2077 3373 2222 3467 περὶ
2256 3378 2382 3456 τὴν
2411 3378 2620 3467 κρίσιν

320 3501 447 3580 τὴν
480 3498 821 3593 Ὀρέστου
854 3528 918 3566 κ·.
955 3529 1025 3565 τ.
1059 3500 1130 3564 λ.
1186 3548 1202 3563 .
1264 3548 1279 3564 .
1340 3543 1357 3562 .
1413 3492 1537 3562 εἶσὶ
1573 3494 1645 3562 δὲ
1681 3500 1893 3586 τρεῖς,
1923 3492 2262 3575 Ἀληκτὼ,
2295 3498 2616 3591 Μεγάρα,

319 3622 677 3715 Τισιφόνη.
786 3615 995 3706 Quin
1044 3616 1121 3688 et
1169 3614 1332 3711 ipse
1367 3610 1769 3710 AEschylus
1813 3614 1970 3687 tres
2002 3615 2313 3689 tantum
2344 3617 2616 3691 Furias

318 3741 404 3813 in
438 3763 742 3815 scenam
772 3738 1137 3838 prodiisse
1170 3735 1585 3811 clarissime
1616 3735 1925 3811 indicat.
2023 3739 2204 3813 Una
2230 3741 2320 3814 de
2353 3741 2530 3829 iJJiS,
2568 3764 2614 3813 a

321 3862 924 3961 Olytaemnestrae
956 3860 1233 3933 umbra
1266 3838 1814 3956 ekpergefa'cta,
1853 3862 2250 3951 exclamat,
2281 3887 2612 3937 sororem

316 3985 678 4071 excitans,
722 3983 1007 4082 '‘E-yetp',
1068 3990 1289 4081 ἔγειρε
1340 3980 1443 4053 καὶ
1496 3983 1575 4051 σῧ
1628 3981 1833 4068 τῆν3’,
1879 3982 2014 4081 ἐγῶ
2075 3987 2147 4057 δὲ
2199 3994 2298 4058 σέ.
2404 3986 2612 4075 Quid.

316 4107 460 4180 hoc
513 4105 901 4203 apertius?
1002 4106 1132 4179 Ad
1163 4129 1234 4178 v.
1283 4090 1405 4177 49.
1489 4103 1772 4206 Pythia
1827 4106 2168 4181 Chorum
2221 4113 2609 4206 comparat

314 4253 495 4303 cum
548 4229 1032 4326 Gorgonibus
1088 4232 1166 4302 et
1217 4227 1629 4324 Harpyiis3
1700 4231 1855 4301 tres
1911 4233 2170 4303 autem
2217 4232 2607 4328 Gorgones

311 4355 552 4440 erant,
589 4355 745 4427 tres
781 4352 1169 4451 Harpyiae.
1249 4351 1475 4424 Unus
1501 4352 1812 4424 tantum
1843 4352 2055 4427 locus
2089 4356 2246 4440 est„
2259 4353 2394 4451 qui
2425 4355 2606 4432 huic

2079 4477 2122 4547 b
2157 4480 2202 4549 2
2457 4480 2463 4483 ’
