3282 5193
1316 418 1406 470 IN
1443 416 1756 496 PERSAS.
1945 383 1954 396 ’
2489 402 2637 474 159

439 595 749 663 ἐκπλήξεως
787 596 1021 650 τίθεται.
1108 590 1201 648 Sic
1240 597 1433 649 autem
1475 588 1817 668 significabit
1856 610 2033 667 supra
2069 593 2520 668 interjectionem
2546 595 2636 653 vel

439 687 915 752 exclamationem,
946 691 1004 741 et
1042 682 1271 760 proprie
1307 682 1420 740 dici
1460 683 1674 760 poterit
1710 682 1782 740 de
1825 682 2142 740 calamitate
2179 683 2377 761 quavis
2414 688 2638 760 μείζονι

438 778 473 845 ἢ
501 775 641 834 κατά
684 775 910 851 δάκρυα,
953 781 1021 832 ut
1062 772 1142 832 ait
1182 773 1565 850 Thucydides,
1597 792 1711 851 quo
1752 779 1945 831 tamen
1979 792 2148 830 sensu
2185 793 2302 831 non
2338 775 2634 852 reperitur.

439 867 650 925 Noster
668 866 876 944 Agam.
898 868 1037 923 385.
1068 869 1359 938 φλεόντων
1378 865 1646 944 δωμάτων
1667 857 1930 942 ὑπέρφευ.
1973 863 2172 942 Eurip.
2195 865 2476 924 Phoeniss.
2500 869 2633 925 559.

438 963 491 1016 τί
538 961 641 1027 τὴν
695 955 992 1031 τυραννίδ’,
1048 955 1270 1015 ἀδικίαν
1319 956 1648 1032 εὒδαίμονα,
1702 960 1882 1032 Τιμᾷς
1935 958 2220 1033 ὗπέρφευ;
2286 956 2482 1024 Quum
2527 957 2639 1015 ista

441 1048 758 1126 Phryniehi
782 1048 1175 1125 interpretatio
1195 1048 1358 1106 valde
1379 1055 1574 1106 coacta
1600 1046 1693 1116 sit,
1717 1067 1862 1125 pene
1883 1047 2134 1106 adducor
2155 1056 2222 1105 ut
2241 1048 2469 1106 credam
2488 1047 2638 1106 hane

436 1158 634 1198 vocem
682 1137 997 1217 antiquitus
1050 1138 1319 1216 scriptam
1373 1137 1547 1197 fuisse
1602 1141 1835 1217 ὕπερφῦ,
1881 1140 1953 1197 ab
2008 1139 2284 1217 adjectivo
2339 1143 2635 1216 ὺπερφυήἑ.

441 1230 699 1308 Hesych.
758 1222 1077 1306 ‘Yvrepqwfis
1120 1232 1259 1302 ὑπὲρ
1300 1231 1465 1308 φύσιν
1503 1237 1713 1306 μέγαν.
1796 1229 2094 1307 Aristoph.
2126 1231 2288 1289 Nub.
2323 1233 2418 1294 76.
2478 1236 2641 1288 Μίαν

440 1319 602 1400 εὗρον
642 1324 896 1398 ἀτραπὸν
938 1322 1231 1400 δαιμονίως
1272 1325 1544 1400 ὑπερφυᾶ.
1627 1320 1882 1380 Acham.
1920 1324 2050 1379 142.
2095 1325 2205 1380 Καὶ
2233 1321 2370 1392 δῆτα
2397 1325 2637 1400 φιλαθη-

442 1439 595 1473 vatos
632 1413 668 1485 ἦ
673 1440 704 1470 ν
730 1411 1031 1492 ὑπερφυῶς.
1114 1414 1423 1490 Vulgatam
1467 1413 1804 1492 scripturam
1847 1420 2042 1472 tuetur
2083 1413 2524 1473 Valckenaerius
2565 1414 2640 1473 ad

444 1504 871 1565 Phoenissarum
897 1505 1108 1563 locum.

522 1671 659 1732 827.
722 1644 1100 1753 Ἐξαμᾶω.
1170 1669 1358 1726 Meto.
1412 1670 1690 1746 Decet-po·
1755 1670 1964 1746 Agam.
2003 1672 2172 1728 1660.
2218 1670 2378 1728 ἄλλα
2406 1674 2495 1729 καὶ
2523 1671 2639 1728 τάδ’

443 1757 719 1832 ἐξαμῆσαι
745 1756 937 1814 πολλαὶ
966 1756 1238 1826 δύστηνον
1259 1758 1435 1832 θέρος.
1486 1755 1688 1832 Eurip.
1712 1775 1805 1832 ap.
1832 1756 1992 1815 Stob.
2023 1777 2082 1833 p.
2109 1760 2204 1819 71.
2235 1760 2373 1820 377.
2401 1756 2511 1834 βίᾳ
2541 1783 2643 1816 νυν

442 1848 621 1906 ἕλκετ’
646 1846 690 1906 ὦ
729 1851 879 1907 κακοὶ
917 1846 1077 1925 τιμιὶς
1103 1846 1314 1923 βροτοί,
1347 1850 1455 1905 Καὶ
1483 1851 1686 1909 κτᾶσθε
1723 1851 1965 1905 πλοῦτον
2000 1848 2301 1915 πάντοθεν,
2332 1853 2642 1926 θηρώμενοι

447 1939 753 2016 Σύμμικτα,
783 1943 857 2013 μὴ
896 1938 1080 1996 δίκαια
1118 1941 1208 1995 καὶ
1244 1938 1401 1996 δίκαι’
1429 1940 1589 2015 ὁμοῦ.
1661 1939 1882 1996 ”Επειτ’
1909 1942 2130 2014 α’μᾶσθε
2167 1939 2341 1998 τῶνδε
2371 1939 2642 2010 δύστηνον

445 2034 621 2104 θέρος.
703 2030 917 2088 Bacch.
944 2031 1116 2088 1314.
1159 2031 1410 2107 ἐξήμησα
1438 2030 1746 2088 κάλλιστον
1776 2031 1951 2105 θέρος.
2009 2029 2140 2087 Vid.
2172 2038 2320 2088 nott.
2349 2029 2425 2087 ad
2450 2030 2635 2089 Theb.

524 2289 662 2346 828.
717 2264 1165 2364 Ἐπιτῖμιον.
1247 2288 1495 2345 Merces.
1581 2286 1817 2364 Semper
1856 2285 2012 2363 apud
2050 2286 2294 2365 tragicos
2333 2287 2393 2344 in
2436 2287 2644 2366 plurali

446 2380 789 2452 usurpatur:
837 2372 949 2431 vid.
984 2373 1235 2432 Glossar.
1263 2373 1326 2431 in
1351 2373 1535 2431 Theb.
1573 2375 1746 2432 1023.
1815 2417 1818 2420 -

526 2523 661 2585 83‘1.
718 2500 1031 2609 Ἐκχὲω.
1116 2525 1389 2601 Effundo.
1437 2523 1475 2582 i.
1523 2543 1572 2582 e.
1608 2526 1817 2601 perde.
1902 2522 2103 2601 Eurip.
2152 2524 2397 2583 Philoct.
2441 2525 2511 2584 fr.
2555 2528 2641 2587 ΙΙ.

443 2612 623 2673 Ὀ-κνιιῖ
646 2614 704 2672 δὲ
730 2616 961 2691 μόχθων
989 2619 1100 2672 τῶν
1122 2616 1251 2689 πρὶν
1272 2616 1467 2689 ἐκχέαι
1498 2613 1691 2690 χάριν.
1737 2611 1831 2670 Sic
1848 2612 2003 2689 apud
2023 2608 2452 2690 Virgilium‚'ibi
2470 2619 2647 2673 omnis

446 2706 684 2780 Effioeus
711 2704 893 2761 labor.
974 2703 1279 2780 TheogniS,
1317 2707 1448 2764 109.
1492 2706 1565 2772 ἢν
1592 2704 1635 2761 δ’
1675 2705 1738 2761 ἔν
1773 2705 2042 2782 ἁμάρτῃς,
2071 2709 2197 2763 Τῶν
2226 2706 2475 2780 πρόσθεν
2501 2707 2646 2765 πάν-

448 2820 560 2854 των
598 2800 902 2873 ἐκχέχυται
940 2800 1186 2872 φιλότης.
1271 2793 1539 2871 Sophocl.
1571 2793 1723 2852 Phil.
1763 2797 1853 2852 13.
1901 2800 1998 2864 Μὴ
2037 2800 2123 2853 καὶ
2159 2798 2311 2875 μάθῃ
2336 2799 2394 2873 μ’
2420 2802 2643 2867 ἥκοντα,

450 2892 669 2965 κάκχέω
720 2890 781 2943 τὸ
835 2894 951 2944 πᾶν
1008 2874 1279 2964 σόφισμα.
1365 2885 1529 2944 Plato
1558 2885 1705 2944 Crit‘.
1744 2889 1836 2944 10.
1880 2887 1914 2954 ἢ
1956 2892 2137 2945 πᾶσαι
2175 2892 2310 2966 ἡμῖν
2348 2892 2561 2948 ἐκεῖναι
2589 2893 2648 2949 αἱ

450 2981 696 3056 πρόσθεν
725 2982 1026 3056 ὁμολογίαι
1057 2980 1120 3035 ἐν
1150 2976 1342 3035 ταῖσδε
1371 2984 1493 3035 ταῖς
1520 2978 1746 3051 ὀλίγαις
1775 2980 2004 3054 ἡμέραις
2034 2981 2412 3057 ἐκκεχυμέναι
2440 2985 2572 3039 εἶσί.

529 3148 667 3205 832.
727 3121 1161 3221 ΚολασΤή-ς.
1246 3143 1602 3216 Castiyator.
1689 3141 1957 3220 Sophocl.
1988 3165 2080 3221 ap.
2113 3144 2332 3203 Polluc.
2365 3146 2476 3205 IX.
2514 3150 2646 3205 140.

455 3231 639 3309 (Θεοὶ)
686 3236 955 3291 κολασταὶ
995 3233 1352 3306 κάπιτιμηταὶ
1395 3234 1595 3288 κακῶν.
1680 3229 1885 3307 Eurip.
1931 3230 2134 3308 Suppl.
2181 3234 2318 3289 256.
2363 3232 2530 3292 Οὔτοι
2574 3234 2652 3292 δι-

452 3328 660 3392 καστήν
690 3323 738 3381 σ’
770 3322 1009 3396 εἱλόμην
1048 3326 1201 3396 ἐμῶν
1240 3320 1659 3387 κακῶν-Οὒδ’,
1691 3324 1742 3377 ε’ί
1773 3346 1825 3379 τι
1851 3324 2064 3396 πράξας
2090 3326 2166 3399 μὴ
2197 3328 2378 3381 καλῶς
2405 3325 2649 3401 εὑρίσκο-

448 3439 571 3493 μαι,
601 3416 826 3472 Τοΰτων
855 3417 1135 3481 κολαστὴν
1165 3414 1554 3486 κάπιτιμητήν,
1584 3414 1746 3477 ἄναξ.
1830 3411 1965 3469 Vid.
1994 3421 2179 3473 notas.

528 3538 683 3625 Ibid.
735 3537 1229 3646 ε’Υ71·ε’ρκο71·ος“.
1316 3554 1629 3639 Superbus.
1715 3562 1849 3622 vid.
1881 3562 2131 3623 Glossar.
2161 3564 2221 3622 in
2257 3566 2441 3625 Theb.
2473 3570 2611 3631 387.

532 3727 668 3783 833.
732 3696 1105 3783 Εὔθυνος.
1182 3723 1299 3788 Qui
1318 3724 1596 3781 rationem
1616 3742 1805 3781 rerum
1819 3730 2112 3797 qestarum
2133 3727 2333 3799 eoeiyit.
2391 3728 2650 3806 Hesych.

456 3814 719 3871 Εὔθυνος.
771 3812 1060 3885 εὖθυντῆρ,
1108 3808 1431 3867 δικαστικός.
1517 3809 1781 3868 Photius.
1829 3810 2094 3871 Εὔθυνος.
2139 3817 2287 3891 ἀρχὴ
2331 3811 2404 3883 ἦν
2447 3840 2545 3874 τις.
2594 3820 2656 3885 ἐξ

454 3904 690 3973 ἑκάστης
718 3904 777 3960 δὲ
806 3906 981 3978 φυλῆς
1012 3903 1115 3960 ἕνα
1146 3906 1456 3978 κληροῦσιν,
1485 3902 1658 3981 τούτῳ
1688 3902 1748 3960 δὲ
1777 3900 1872 3961 δύο
1899 3904 2220 3980 παρέδρους.
2305 3905 2489 3964 Idem.
2551 3912 2656 3965 Εὔ-

456 3999 641 4051 θῦναι.
691 3994 741 4051 οἱ
780 3995 1154 4069 ἀπολογισμοὶ
1198 3996 1307 4050 τῶν
1347 3992 1655 4068 ἀρξάντων.
1704 4000 1791 4052 καὶ
1829 3994 2072 4063 εὕθυνοι,
2101 3998 2151 4053 οἱ
2181 3995 2402 4053 τούτους
2429 3996 2654 4070 α’νακρί-

458 4108 669 4142 νοντες.
757 4083 999 4142 Πλάτων
1045 4085 1252 4162 Νόμων
1297 4084 1394 4159 ιβ’.
1475 4085 1676 4143 Minus
1723 4094 1875 4143 recte
1913 4086 2122 4163 legitur
2169 4105 2262 4162 ap.
2307 4085 2652 4163 Harpocrat.

460 4176 727 4243 Εὒθῦνης.
760 4175 940 4250 ὄνομα
970 4178 1147 4253 ἀρχῆς
1176 4175 1303 4251 παρ’
1329 4178 1662 4245 Ἀθηναίοις.
1694 4177 1826 4235 δέκα
1860 4178 1958 4236 τὸν
1993 4178 2230 4253 ἀριθμὸν
2259 4176 2455 4253 ἄνδρες
2485 4175 2651 4249 ἦσαν,

457 4271 585 4343 παρ’
613 4266 691 4324 οἷς
722 4266 982 4324 ἐδίδοσαν
1020 4268 1069 4324 οἱ
1112 4266 1563 4342 πρεσβεύσαντες
1606 4270 1637 4337 ἢ
1677 4269 1965 4344 ἄρξαντες,
1994 4270 2029 4336 ἢ
2057 4268 2433 4337 διοικήσαντές
2463 4296 2514 4327 τι
2543 4276 2656 4329 τῶν

460 4356 757 4434 δημοσίων,
789 4357 888 4415 τὰς
917 4356 1171 4417 εὐθύνας.
1204 4358 1506 4417 διείλεκται
1533 4364 1660 4436 περὶ
1688 4363 1874 4418 abr-div
1899 4364 2287 4435 Ἀριστοτέλης
2315 4362 2380 4417 ἐν
2401 4363 2466 4441 τῇ
2492 4360 2654 4433 Ἀθη·
2699 4359 2704 4363 ’

464 4454 633 4507 ναίων
662 4455 939 4526 πολιτείᾳ.
1023 4447 1155 4506 Vid.
1189 4449 1438 4509 Glossar.
1460 4450 1523 4508 in
1551 4450 1846 4509 Prometh.
1879 4453 2017 4509 332.
2048 4469 2221 4527 supra
2245 4470 2301 4509 v.
2335 4454 2472 4511 218.
