3282 5193
1347 441 1761 520 ΠΕΡΣΑῙ.
2059 453 2071 460 ”
2620 442 2721 519 57

428 655 590 732 AT.
652 652 792 730 ναί·
883 645 1116 752 λόγος
1196 656 1457 754 κρατεῖ
1527 650 1903 758 σαφηνής.
1984 645 2173 757 τῷδέ
2248 648 2319 752 γ’
2401 649 2537 728 οὐκ
2620 642 2731 725 ἐ’νι

1100 774 1408 861 στάσις.

425 911 593 986 ΔΑ.
651 912 822 1014 φεῦ·
883 903 1148 1010 ταχεῖά
1174 904 1244 1008 γ’
1277 901 1471 1005 ἦλθε
1507 909 1879 1011 χρησμῷν
1907 901 2211 1011 πράξις·
2276 907 2378 988 εἷς
2406 897 2491 981 δὲ
2525 897 2728 981 παῖδ’

1101 1030 1280 1133 ἐμὸν

2570 1041 2725 1120 745

653 1156 840 1245 Ζεὺς
890 1157 1336 1266 ἐπέσκηψεν
1383 1156 1746 1260 τελευτὴν
1787 1158 2221 1268 θεσφάτων.
2275 1155 2423 1260 ἐγὼ
2462 1152 2545 1236 δέ
2582 1189 2733 1236 που

653 1286 777 1368 διὰ
849 1295 1140 1391 μακροῦ
1216 1285 1498 1392 χρόνου
1575 1287 1734 1368 τάδ’
1795 1284 2083 1394 ηὔχουν
2162 1281 2734 1386 ἐκτελευτήσειν

1107 1415 1344 1498 θεούς.

651 1542 825 1622 ἀλλ’
868 1539 1049 1621 ὅταν
1091 1538 1390 1646 σπεύδῃ
1430 1574 1542 1625 τις
1580 1538 1827 1639 αὐτός,
1866 1543 1979 1647 χὼ
2032 1535 2199 1623 θεὸς
2242 1536 2729 1645 ξυνάπτεται.

517 1849 648 1909 744.
693 1849 866 1930 rein-q»
900 1847 944 1907 δ’
971 1851 1067 1908 οὐκ
1095 1851 1179 1907 ἔνι
1211 1847 1346 1909 Ald.
1381 1847 1530 1906 Rob.

431 1930 594 1986 τοῦτο
649 1927 692 1985 δ’
744 1928 928 1986 Turn.
987 1926 1187 2006 Steph.
1273 1930 1431 1986 τοῦτό
1492 1926 1536 1986 τ’

435 2007 525 2064 Μ.
563 2010 614 2064 l.
661 2011 718 2064 2.
761 2008 932 2087 τοῦτιρ
987 2007 1041 2080 γ’
1088 2005 1250 2064 Med.
1299 2006 1532 2063 Baroce.

433 2085 505 2144 B.
554 2085 718 2145 Colb.
757 2091 807 2144 l.
859 2090 914 2143 2.
974 2088 1134 2144 τοῦτό
1178 2085 1232 2158 γ’
1279 2083 1533 2142 Brunck.

436 2163 673 2222 Porsen.
778 2163 992 2222 Melius
1045 2171 1148 2233 est,
1196 2171 1262 2220 ut
1315 2163 1534 2240 opinor,

433 2242 590 2378 puod
638 2242 788 2301 dedi.
846 2243 984 2322 τῷδε
1037 2243 1096 2300 in
1147 2245 1320 2322 τούτῳ
1367 2261 1538 2321 quam

459 2320 599 2380 acile
665 2323 970 2392 transierit,
1019 2321 1303 2380 neminem
1363 2321 1538 2378 latere

433 2400 632 2478 possit,
676 2401 768 2458 cui
814 2410 1018 2460 notum
1064 2401 1138 2459 sit
1181 2400 1402 2480 quoties
1445 2398 1539 2458 ὅδε

435 2487 494 2538 et
529 2476 681 2538 οὗτος
714 2499 846 2538 cum
883 2481 1106 2539 casibus
1143 2479 1259 2538 suis
1294 2479 1444 2536 inter
1479 2497 1539 2536 se

435 2566 850 2637 permutentur.
911 2559 1177 2638 Suspicor
1204 2566 1396 2618 tamen
1416 2576 1538 2615 ver-

435 2658 564 2697 sum
604 2639 752 2697 olim·
767 2638 1100 2718 hujusmodi
1134 2638 1344 2707 fuisse;
1402 2644 1534 2696 Ναί·

438 2722 608 2793 λόγος
653 2726 840 2791 κρατεῖ
887 2724 1140 2797 σαφηνὴς
1191 2717 1368 2786 τοῦδε,
1411 2721 1540 2776 κούκ

438 2801 524 2857 ἔνι
568 2800 783 2855 στάσις.
839 2798 933 2856 cui
960 2798 1301 2875 conjecturae
1327 2796 1539 2875 aliun

438 2885 605 2935 tenus
633 2875 784 2935 favet
811 2876 966 2935 varia
1003 2875 1172 2934 lectio
1209 2876 1271 2933 in
1302 2875 1373 2932 B.
1418 2877 1538 2933 τοὺ-

438 2981 534 3015 του
578 2956 632 3031 γ’
673 2959 771 3014 οὒκ
817 2958 903 3015 ἔνι
952 2958 1168 3014 στάσις.
1250 2954 1540 3013 Arnaldus

438 3056 587 3104 vere,
620 3034 720 3114 qui
745 3035 986 3114 conjecit
1026 3039 1188 3093 τοῦτο
1232 3034 1276 3092 δ’
1315 3037 1414 3091 οὒκ
1455 3037 1540 3092 ἔνι

439 3117 653 3182 στάσει,
697 3114 756 3171 in
813 3115 1002 3173 animo
1044 3114 1236 3173 forsan
1275 3111 1540 3173 habuerit

441 3192 814 3253 Homericum
840 3193 1014 3263 istud,
1040 3198 1106 3253 ἐν
1135 3194 1254 3275 δοιῇ
1283 3192 1363 3259 δὲ,
1395 3217 1538 3251 σαω·

443 3283 619 3353 σέμεν
649 3272 683 3344 ἦ
712 3278 1029 3333 ἀπολέσθαι
1069 3280 1240 3345 Νῆας,
1272 3276 1334 3331 in
1367 3273 1540 3331 dubio

429 3356 686 3431 positum
711 3360 817 3411 est.

473 3476 482 3481 -
525 3436 658 3495 745.
701 3441 933 3510 τευχεῖα
979 3431 1112 3494 Ald.
1198 3428 1404 3489 Malim
1447 3456 1541 3489 τα-

424 3514 552 3591 .χεῖ’
582 3512 668 3585 ἄρ’
697 3508 854 3583 ἦλθε..
943 3512 1084 3569 Mox
1125 3514 1184 3569 ές
1222 3510 1376 3568 παῖδ’
1401 3510 1537 3568 Ald.

443 3592 678 3650 Barocc.
724 3595 779 3649 ἐς
812 3593 910 3651 τὸν
945 3591 1098 3649 παῖδ’
1124 3592 1303 3649 Turn.
1337 3588 1538 3666 Steph.

443 3674 501 3729 ἐς
549 3670 611 3729 δὲ
648 3671 801 3728 παῖδ’
841 3670 990 3729 Rob.
1031 3670 1193 3729 Med.
1234 3670 1308 3727 G.
1351 3668 1430 3726 K.
1468 3669 1538 3726 L.

446 3751 534 3809 M.
574 3754 624 3808 l.
671 3748 834 3808 Colb.
873 3755 922 3808 l.
965 3753 1021 3808 2.
1068 3749 1259 3827 Mosq.
1308 3746 1539 3806 Schutz.

447 3834 502 3890 ἔς
527 3855 591 3890 τε
618 3830 772 3888 παῖδ’
800 3829 1036 3888 Porson.

448 3945 467 3959 .
526 3911 662 3973 746.
722 3910 1056 3985 ἀπέσκηψεν
1125 3907 1284 3965 Med.
1323 3904 1541 3963 'Guelfi

443 3996 616 4068 prout
670 3996 989 4047 correxerat
1042 3986 1408 4045 Valckenaer.
1473 3984 1548 4042 ad

443 4068 646 4145 Eurip.
679 4065 922 4144 Hippol.
953 4068 1090 4123 438.
1137 4065 1279 4123 eitra
1303 4062 1545 4121 necessi-

445 4155 642 4206 tatem.
689 4146 876 4225 Supra
898 4148 1028 4203 105.
1070 4142 1546 4220 Μοῖρ’-ἐπέσκη-

448 4229 524 4304 ψε
553 4232 798 4303 Πέρσαις
825 4230 1128 4299 πολέμους.
1198 4223 1343 4281 Mox
1365 4224 1482 4297 ἐγὼ
1505 4221 1550 4279 δ’

448 4310 630 4384 ἔμπας
655 4306 805 4365 Rob.
832 4304 996 4363 Colb.
1030 4307 1080 4361 1.
1126 4302 1271 4361 forte
1299 4320 1404 4380 pro
1433 4305 1549 4378 ἐγὼ

448 4386 508 4445 δέ
537 4410 669 4445 πως.

533 4468 666 4527 747.
721 4468 932 4542 μακροῦ
985 4467 1082 4521 τοῦ
1191 4464 1359 4527 ρόνου
1413 4460 1548 4520 Ald.

451 4544 598 4603 Dein
641 4546 1037 4615 ἐκτελευτῆσαι
1079 4542 1151 4601 ed
1195 4586 1208 4599 .
1255 4548 1386 4598 ante
1429 4539 1552 4599 Ste-

1636 1847 1914 1925 phanum,
1966 1848 2065 1928 qui
2107 1850 2533 1917 ἐκτελευτήσειν
2580 1845 2739 1905 dedit

1635 1928 2001 2005 sequentibus
2024 1928 2287 1997 Cantero,
2313 1925 2579 1994 Stanleio,
2602 1925 2739 1984 Por-

1637 2023 1777 2064 sono
1788 2031 1804 2075 3
1836 2017 1893 2064 et
1914 2006 1994 2064 sic
2015 2006 2245 2084 quidem
2267 2005 2441 2064 MSS.
2462 2004 2734 2084 plerique,

1635 2084 2740 2241 33fflssz¹ffissgss¹¹ssfissffir¹ffiffffi

1637 2242 1859 2301 codices
1913 2242 2254 2301 Parisienses
2307 2261 2439 2300 cum
2494 2240 2740 2300 editione

1637 2320 1961 2379 Victoriana
1990 2320 2371 2379 contulerunt.
2442 2319 2739 2378 Aoristum

1637 2399 1874 2457 retinuit
1921 2399 2285 2468 Brunckius;
2333 2399 2434 2458 sed
2472 2398 2740 2456 usitatius

1638 2486 1724 2536 est
1762 2478 2023 2536 futurum
2061 2487 2195 2556 post
2231 2477 2443 2556 αὕχέω.
2529 2477 2735 2554 Agam.

1641 2559 1777 2617 508.
1808 2561 1874 2617 ου’
1897 2560 2010 2635 γάρ
2028 2558 2147 2618 ποτ’
2162 2557 2736 2638 ηὔχουν-μεθέξειν.

1639 2636 1844 2717 Suppl.
1877 2642 2012 2697 334.
2070 2640 2195 2697 ἐπεὶ
2236 2645 2317 2699 τίς
2365 2637 2740 2717 ηὔχει-κέλ-

1639 2741 1766 2775 σειν
1782 2743 1800 2787 ;
1844 2717 2046 2797 Eurip.
2068 2718 2297 2777 Heracl.
2324 2721 2460 2779 931.
2518 2722 2604 2776 Οὔ
2627 2720 2741 2794 γάρ

1636 2802 1756 2933 '3²5’
1775 2796 1984 2935 ..gi-'2253
2016 2799 2741 2954 {ffsss‘veiifffssfiaz‘issffss

1638 2954 1727 3012 vel
1743 2954 2133 3031 promissionis
2152 2955 2341 3033 posito
2355 2954 2471 3014 vid.
2485 2954 2737 3014 Lobeek.

1639 3032 1714 3092 ad
1742 3032 2055 3113 Phrynich.
2084 3055 2143 3112 p.
2178 3037 2313 3097 749.

1725 3114 1859 3176 748.
1902 3138 2001 3183 τις,
2047 3114 2211 3174 αὐτὸς
2252 3112 2337 3195 χῷ
2393 3114 2518 3172 θεὸς
2556 3113 2737 3173 Tum.

1641 3191 1843 3271 Steph.
1873 3192 2103 3253 Canter.
2189 3192 2521 3262 Scholiasta,
2560 3200 2629 3251 ut
2663 3193 2743 3251 vi-

1641 3270 1825 3342 detur,
1871 3272 2084 3349 legerat
2125 3278 2297 3332 αὕτοῦ
2334 3279 2423 3351 χὼ
2465 3276 2607 3341 θεός,
2652 3271 2743 3330 vel

1641 3352 1814 3429 αὐτῷ,
1834 3351 1988 3427 quod
2005 3351 2277 3410 exhibent
2295 3352 2368 3409 G.
2391 3351 2460 3408 L.
2507 3351 2744 3408 Utrum-

1641 3449 1753 3507 que
1791 3428 2025 3506 vulgato
2074 3429 2338 3496 deterius,
2390 3427 2544 3505 quod
2590 3436 2743 3486 recte

1644 3507 1905 3566 distinxit
1924 3506 2265 3575 Brunckius,
2284 3513 2459 3584 prout
2475 3506 2745 3564 citaverat

1644 3585 1965 3645 Gatakerus
1993 3585 2066 3644 ad
2094 3586 2181 3644 M.
2214 3584 2493 3644 Antonin.
2521 3604 2582 3662 p.
2609 3588 2746 3655 347,

1644 3670 1743 3727 49.
1787 3664 1990 3743 Eurip.
2015 3684 2108 3743 ap.
2134 3665 2317 3724 Clem.
2340 3664 2507 3723 Alex.
2530 3664 2742 3725 Strom.

1644 3766 1704 3823 p.
1738 3747 1989 3813 741,31.
2065 3745 2227 3805 Stob.
2260 3744 2487 3803 XXIX.
2510 3764 2571 3823 p.
2610 3747 2742 3808 127.

1647 3823 1839 3883 Schol.
1863 3824 2066 3883 Venet.
2087 3825 2149 3884 in
2177 3824 2346 3883 Iliad.
2378 3830 2449 3883 Δ.
2480 3828 2619 3885 249.
2650 3824 2741 3883 Μ.

1646 3902 1909 3983 Apostol.
1934 3904 2169 3963 XVIII.
2201 3907 2292 3967 75.
2338 3905 2515 3963 Αὐτὸς
2552 3910 2606 3962 τί
2646 3910 2744 3963 νῦν

1648 3984 1805 4061 δρῶν,
1831 3983 1953 4045 εἶτα
1984 3984 2251 4062 δαίμονας
2272 3990 2472 4053 καλεῖς
2514 3988 2607 4061 Τῷ
2634 3989 2747 4060 γὰρ

1646 4068 1906 4123 πονοῦντι
1974 4063 2061 4143 χῶ
2130 4064 2254 4123 θεὸς
2324 4062 2743 4141 ξυλλαμβάνει.

1648 4144 2056 4221 Fragmentum
2096 4142 2211 4201 cito
2250 4162 2321 4200 ex
2356 4142 2748 4201 emendatione

1650 4222 1905 4291 Porsoni,
1948 4222 2152 4300 Suppl.
2192 4220 2365 4280 Proef.
2406 4220 2480 4278 ad
2517 4220 2744 4279 Hecub.

1651 4323 1710 4380 p.
1762 4303 1860 4359 38.
1945 4300 2184 4359 Versum
2240 4298 2609 4376 posteriorem
2663 4319 2747 4358 re-

1650 4380 1863 4458 spicere
1886 4378 2111 4437 videtur
2130 4376 2429 4455 Aristoph.
2472 4376 2582 4456 Eq.
2609 4381 2745 4437 230.

1652 4452 1740 4538 χῶ
1796 4460 1920 4517 θεὸς
1975 4459 2346 4534 ξυλλήψεται.
2408 4456 2500 4534 (ut
2558 4456 2749 4517 minus

1651 4546 1801 4597 recte
1820 4536 2039 4616 judicet
2057 4536 2391 4598 Schaeferus
2412 4537 2485 4597 ad
2506 4537 2746 4615 Gregor.
