3282 5193
664 419 812 488 150
1517 431 2031 487 enossARmM

666 618 705 644 “
722 611 829 670 Est
858 611 1100 684 σκαλμός
1129 607 1392 686 paxillus,
1411 607 1486 666 nd
1513 627 1685 687 quem
1711 606 1979 684 alligatur
2004 625 2213 666 remus.
2302 605 2493 674 Quare
2519 606 2630 665 alia
2654 617 2874 678 mente,

662 708 731 760 ut
756 700 957 769 multa,
977 699 1289 778 AEschylus
1306 699 1493 758 Persis
1515 705 1641 770 νῆες
1671 704 2004 775 τρίσκαλμοι
2032 717 2137 776 pro
2167 699 2495 756 triremibus
2511 697 2671 768 dixit,
2692 719 2878 778 quum

664 797 999 868 τρίσκαλμος
1030 796 1167 850 ναῦς
1194 798 1421 850 tantum
1450 790 1563 849 dici
1588 790 1790 869 possit,
1820 809 1952 868 quse
1981 788 2145 848 trinis
2172 789 2344 847 remis
2370 777 2685 866 agitatur?
2739 791 2798 848 N
2799 811 2882 850 on

664 882 993 942 recordatus
1019 891 1106 942 est
1132 882 1220 941 vir
1246 901 1489 959 magnus
1514 881 1753 940 eandem
1782 879 2158 958 objectionem
2184 879 2246 936 in
2273 883 2489 956 τριήρης
2527 886 2586 937 et
2620 882 2883 939 triremis

666 972 885 1032 eadere.
970 973 1277 1052 Ephippus
1297 972 1569 1032 Athenaei
1591 972 1770 1030 VIII.
1790 993 1848 1050 p.
1877 975 1951 1030 34
1962 976 2015 1035 7.
2047 972 2118 1030 Β.
2163 980 2441 1031 memorat
2471 978 2702 1042 κέλητας
2731 997 2876 1030 πεν-

666 1065 1031 1142 τεσκάλμους.

749 1214 886 1271 686.
950 1186 1305 1274 *⁹Avav9.
1397 1213 1542 1280 Quae
1566 1231 1682 1270 non
1707 1211 1951 1288 amplius
1976 1211 2139 1268 navic
2165 1217 2274 1268 est.
2357 1209 2710 1288 Oxymoron.

754 1368 890 1427 689.
954 1339 1382 1444 Χαρᾶσσω.
1469 1364 1693 1422 Incido.
1740 1382 1872 1441 quae
1899 1381 2010 1421 vox
2036 1361 2264 1441 proprie
2293 1361 2361 1420 de
2390 1361 2640 1420 nummis
2666 1360 2882 1421 incusis

673 1453 1010 1520 dicebatur3
1055 1450 1208 1509 unde
1255 1450 1622 1528 corrigendus
1661 1456 1747 1508 est
1793 1449 2113 1508 Athenaeus
2159 1450 2210 1507 Ι.
2240 1470 2300 1527 p.
2341 1453 2430 1510 19.
2463 1449 2539 1506 D.
2625 1448 2885 1508 Matreas

672 1544 905 1623 qnidam
927 1541 1273 1622 quaestiones
1298 1541 1545 1600 ludicras
1581 1541 1917 1618 conscripsit
1944 1541 2018 1599 ad
2043 1539 2420 1599 imitationem
2450 1540 2882 1599 Problematum

672 1632 1019 1702 Aristotelis,
1078 1639 1189 1691 Διὰ
1232 1639 1285 1691 τί
1345 1637 1375 1690 ὀ
1431 1638 1587 1703 ἥλιος
1630 1632 1785 1690 δυ’νει
1827 1639 1955 1709 μέν,
2000 1631 2262 1710 κολυμβᾷ
2301 1632 2348 1690 δ’
2385 1630 2470 1690 οὔ.
2572 1629 2704 1690 Atti.¹
2728 1638 2781 1690 τί
2827 1634 2882 1691 οἱ

676 1728 928 1800 σπόγγοι
964 1731 1305 1803 συμπίνουσι
1338 1731 1465 1802 μέν,
1514 1729 2000 1798 συγκωθωνίζουσι
2042 1724 2086 1782 δ’
2113 1723 2196 1781 οὔ.
2242 1725 2329 1782 καὶ
2372 1729 2441 1781 τὰ
2483 1723 2884 1802 τετράδραχμα

677 1819 1124 1874 καταλλάττεται
1156 1822 1285 1893 μέν,
1328 1817 1617 1890 ὀργίζεται
1667 1815 1712 1874 δ’
1759 1814 1842 1873 οὔ.
1946 1814 2280 1892 Legendum
2320 1833 2537 1883 οθῐιεθο,
2581 1821 2650 1874 τὰ
2693 1817 2888 1892 τετρά-

679 1907 907 1986 δραχμα
961 1912 1447 1966 ΧΑΡΑΤΤΕΤΑῙ
1488 1915 1618 1985 μέν,
1655 1909 1944 1984 ὀργίζεται
1989 1906 2034 1965 δ’
2077 1905 2162 1964 οὔ.
2274 1905 2531 1983 Hesych.
2577 1913 2890 1985 Κεχαραγ-

675 2006 865 2078 μένος.
910 2005 1280 2078 ὠργισμένος.
1340 2020 1411 2058 ex
1440 2000 1726 2058 Herodot.
1756 1998 1898 2056 VII.
1928 2001 1978 2056 l.
2022 1999 2289 2074 μεγάλως
2317 2007 2742 2076 κεχαραγμένος
2769 2008 2889 2059 τοῖς

677 2092 1016 2161 Ἀθηναίοις.
1102 2091 1195 2149 Cf.
1227 2091 1427 2169 Eurip.
1473 2090 1634 2149 Med.
1676 2093 1806 2149 158.
1893 2088 2098 2147 Pollux
2127 2088 2239 2145 IX.
2276 2089 2372 2150 75.
2415 2091 2486 2147 de
2532 2089 2786 2150 faciebus
2822 2091 2890 2149 in

679 2180 1117 2240 tetradrachmis
1137 2182 1574 2258 repraesentafiS‚
1594 2186 1692 2240 τὰς
1710 2184 1891 2256 κόρας,
1911 2180 2000 2238 αἷς
2017 2181 2431 2257 ἑνεκεχάρακτο
2447 2179 2687 2252 Ἀθηνᾶς
2715 2187 2891 2260 πρόσ-

684 2297 858 2332 ωπον.
944 2272 1115 2331 Unde
1155 2273 1381 2330 nummi
1410 2272 1635 2350 signum
1670 2275 1962 2352 χαρακτήρ
1998 2270 2225 2339 dicitur,
2272 2271 2474 2349 Eurip.
2504 2273 2714 2332 Electr.
2749 2279 2890 2336 559.

679 2374 737 2424 et
762 2364 900 2422 hinc
931 2363 1006 2422 ad
1041 2364 1363 2422 humanum
1391 2363 1633 2433 vultum,
1678 2372 1736 2423 et
1776 2371 1975 2441 post-ea
2011 2361 2084 2420 ad
2120 2361 2328 2421 mentis
2349 2363 2601 2422 indolem
2642 2366 2890 2425 transiit.

686 2455 807 2532 [Sic
834 2456 969 2524 olim
1001 2455 1219 2533 scripsi,
1250 2455 1349 2514 sed
1376 2456 1437 2514 in
1463 2454 1736 2514 Athenaei
1761 2456 1888 2514 loco
1916 2453 2052 2512 satis
2077 2453 2221 2511 bene
2259 2472 2320 2512 se
2343 2453 2533 2512 -habet
2569 2460 2889 2517 καταλλάτ-

683 2572 858 2616 τεται,
889 2567 1019 2626 quae
1045 2566 1157 2605 vox
1184 2545 1467 2624 significat
1493 2546 1578 2605 vel
1598 2553 2033 2623 permutantur,
2062 2545 2152 2604 vel
2181 2547 2672 2625 reconciliantur]

763 2694 903 2754 691.
966 2669 1423 2773 Πρευμενής.
1510 2690 1644 2749 vid.
1676 2710 1849 2768 supra
1875 2712 1930 2749 v.
1965 2694 2102 2749 225.

768 2848 903 2907 693.
963 2818 1466 2926 Ψυχαγωγός.
1539 2844 1803 2901 Animam
1825 2843 2074 2901 eliciens.
2163 2843 2328 2901 Plato
2354 2843 2538 2922 Legg.
2561 2845 2639 2904 X.
2662 2850 2892 2923 p.-674.

687 2933 757 2992 C.
808 2930 933 2991 τους
967 2935 1273 2990 τεθνεῶτας
1306 2933 1610 3007 φάσκοντες
1655 2932 2057 3009 ψυχαγωγεῖν.
2142 2929 2347 3007 Eurip.
2378 2931 2510 2989 Alo.
2549 2935 2719 2992 1131.
2804 2941 2894 2994 Οὔ

690 3024 1050 3100 ψυχαγωγὸν
1098 3022 1243 3079 τόνδ’
1286 3024 1529 3090 ἐποιήσω
1588 3025 1770 3090 ξένον.
1855 3022 1956 3079 ubi
1989 3020 2182 3079 Schol.
2258 3023 2894 3098 ψυχαγωγοὶ-οἵτινες

689 3118 987 3187 καθαρμοῖς
1030 3136 1143 3169 τισι
1186 3115 1277 3169 καὶ
1327 3118 1607 3186 γοητείαις
1657 3119 1725 3171 τὰ
1765 3112 1974 3173 ε’ίδωλα
2023 3115 2302 3187 ἑπάγουσί
2348 3139 2410 3173 τε
2459 3121 2547 3173 καὶ
2599 3119 2889 3193 ἐξάγουσι.

690 3203 997 3281 AEschylus
1027 3202 1328 3279 scripserat
1355 3202 1692 3279 tragoediam
1735 3204 1829 3261 cui
1867 3203 2073 3262 titulus
2101 3211 2481 3282 Ψυχαγωγοί,
2513 3207 2583 3266 de
2618 3228 2732 3287 qua
2761 3210 2895 3271 haee

644 3298 654 3306 ⁵
687 3295 862 3353 habet
890 3292 1255 3372 Phrynichus
1282 3292 1415 3351 MS.
1456 3293 1608 3351 Bibl.
1653 3293 1888 3353 coislin.
1928 3315 1987 3372 p.
2032 3296 2171 3354 469.
2263 3304 2650 3377 Ψυχαγωγός.
2693 3303 2745 3359 οἱ
2783 3305 2896 3379 μὲν

690 3387 1078 3465 Ἀλεξανδρεῖς
1133 3388 1232 3445 τὸν
1273 3391 1386 3444 τῶν
1433 3384 1650 3444 παίδων
1689 3385 2135 3463 ἀνδραποδιστὴν
2195 3387 2368 3448 οὕτως
2399 3396 2688 3452 καλοῦσιν.
2749 3395 2800 3452 οἱ
2850 3396 2898 3454 δ’

691 3484 923 3559 ἀρχαῖοι
960 3478 1085 3539 τοῦς
1121 3479 1218 3537 ταῖς
1256 3478 1450 3557 ψυχας
1478 3481 1589 3536 τῶν
1618 3482 1965 3549 τεθνηκότων
1995 3488 2275 3551 γοητείαις
2317 3507 2465 3543 τισιν
2501 3488 2767 3560 ἄγοντας.
2801 3492 2896 3559 τῆς

694 3577 861 3643 αὐτῆς
890 3574 1107 3631 ἑννοίας
1137 3575 1227 3629 καὶ
1268 3575 1328 3630 τὸ
1361 3570 1656 3648 Αἰσχύλου
1684 3570 1746 3627 τὸ
1775 3559 1955 3647 δρᾶμα
1983 3576 2370 3649 Ψυχαγωγός.
2456 3574 2569 3634 Sed
2611 3596 2896 3655 nusquam

692 3663 826 3721 alibi
851 3663 1026 3742 hujus
1053 3663 1265 3722 fabulae
1293 3662 1529 3721 titulum
1554 3660 1615 3719 in
1644 3661 1915 3740 singulari
1956 3662 2169 3722 elatum
2200 3665 2430 3725 offendi.
2515 3668 2668 3746 Lege
2697 3675 2899 3747 Ψυχα-

695 3759 901 3827 γωγοί.

774 3900 933 3958 Im.
976 3872 1376 3980 Ὀρθιάζω.
1454 3897 1768 3957 clamorem
1794 3900 1918 3957 edo.
1988 3899 2061 3958 ab
2089 3899 2286 3975 apem,
2318 3902 2390 3960 de
2418 3922 2532 3981 qua
2557 3923 2695 3963 voce
2721 3922 2902 3983 supra

696 3988 769 4047 ad
797 3991 936 4048 395.
1020 3985 1284 4062 Choeph.
1307 3985 1445 4043 269.
1492 3986 1869 4061 κάξορθιάζων
1896 3988 2109 4046 πολλά.
2196 3988 2356 4047 Infra
2383 3993 2553 4049 1051.
2599 3995 2900 4070 ἑπορθίαζε

684 4084 802 4139 -νῦν
832 4083 1005 4153 γόοις.
1087 4078 1296 4153 Agam.
1328 4080 1425 4136 29.
1470 4075 1837 4156 Ὀλολυγμὸν
1878 4082 2233 4156 εὐφημοῦντα
2259 4081 2390 4161 τῇδε
2418 4083 2674 4160 λαμπάδι
2699 4088 2902 4161 ’Europ-

695 4171 937 4240 θιάζειν.
1022 4168 1115 4228 Cf.
1144 4166 1284 4225 ibid.
1324 4171 1493 4227 1122.
1580 4169 1924 4247 Harpocrat.
1973 4170 2375 4249 Ἀνωρθίαζον.
2403 4173 2738 4247 Ἀνδοκίδης,
2770 4181 2906 4236 ἀντὶ

696 4269 793 4322 τοῦ
820 4262 1005 4339 ὄρθιον
1031 4259 1277 4334 βοῶντες
1308 4261 1535 4334 ἔλεγον.

780 4407 915 4465 694.
976 4381 1375 4486 Εὖέξοδος.
1481 4404 1720 4461 Exitum
1749 4406 1995 4481 facilem
2048 4408 2286 4466 lmbem.
2387 4408 2726 4469 Theocritus
2771 4411 2909 4488 (seu

698 4492 887 4568 potius
915 4497 1083 4566 poeta
1112 4489 1341 4547 lonicus
1368 4490 1530 4568 cujus
1558 4510 1789 4549 carmen
1824 4499 1910 4551 est
1945 4492 2098 4552 inter
2129 4493 2468 4553 Theocritea
2506 4495 2683 4573 XII.)
2713 4501 2913 4568 ἀνέξο-
