<?xml version="1.0" encoding="UTF-8"?>
<!DOCTYPE html PUBLIC "-//W3C//DTD XHTML 1.0 Transitional//EN"
    "http://www.w3.org/TR/xhtml1/DTD/xhtml1-transitional.dtd">
<html xmlns="http://www.w3.org/1999/xhtml" xml:lang="en" lang="en">
 <head>
  <title>
</title>
<meta http-equiv="Content-Type" content="text/html;charset=utf-8" />
  <meta name='ocr-system' content='tesseract 3.04.00' />
  <meta name='ocr-capabilities' content='ocr_page ocr_carea ocr_par ocr_line ocrx_word'/>
</head>
<body>
  <div class='ocr_page' id='page_1' title='image "./pers00aescgoog_0024.png"; bbox 0 0 3282 5193; ppageno 0'>
   <div class='ocr_carea' id='block_1_1' title="bbox 670 428 2032 486">
    <p class='ocr_par' dir='ltr' id='par_1_1' title="bbox 670 428 2032 486">
     <span class='ocr_line' id='line_1_1' title="bbox 670 428 2032 486; baseline -0.004 -1"><span class='ocrx_word' id='word_1_1' title='bbox 670 436 777 486; x_wconf 79' lang='lat' dir='ltr'><strong>XX</strong></span> <span class='ocrx_word' id='word_1_2' title='bbox 1596 428 2032 483; x_wconf 74' lang='lat' dir='ltr'>PRAEFATIO.</span> 
     </span>
    </p>
   </div>
   <div class='ocr_carea' id='block_1_2' title="bbox 672 604 2979 3669">
    <p class='ocr_par' dir='ltr' id='par_1_2' title="bbox 672 604 2966 1055">
     <span class='ocr_line' id='line_1_2' title="bbox 673 604 2964 706; baseline -0.003 -22"><span class='ocrx_word' id='word_1_3' title='bbox 673 609 1015 706; x_wconf 89' lang='lat' dir='ltr'><strong>opinioni</strong></span> <span class='ocrx_word' id='word_1_4' title='bbox 1087 605 1467 681; x_wconf 84' lang='lat' dir='ltr'><strong>adversari</strong></span> <span class='ocrx_word' id='word_1_5' title='bbox 1528 605 1899 680; x_wconf 85' lang='lat' dir='ltr'><strong>videatur.</strong></span> <span class='ocrx_word' id='word_1_6' title='bbox 2039 604 2250 680; x_wconf 90' lang='lat' dir='ltr'><strong>Dicit</strong></span> <span class='ocrx_word' id='word_1_7' title='bbox 2317 604 2625 702; x_wconf 89' lang='lat' dir='ltr'><strong>quidem</strong></span> <span class='ocrx_word' id='word_1_8' title='bbox 2689 605 2964 680; x_wconf 87' lang='lat' dir='ltr'><strong>chorus</strong></span> 
     </span>
     <span class='ocr_line' id='line_1_3' title="bbox 672 728 2966 823; baseline -0.003 -18"><span class='ocrx_word' id='word_1_9' title='bbox 672 755 744 805; x_wconf 81' lang='lat' dir='ltr'><strong>V.</strong></span> <span class='ocrx_word' id='word_1_10' title='bbox 772 734 941 805; x_wconf 83' lang='lat'><strong>582.</strong></span> <span class='ocrx_word' id='word_1_11' title='bbox 985 728 1258 802; x_wconf 75' lang='grc' dir='ltr'>Πολλοὶ</span> <span class='ocrx_word' id='word_1_12' title='bbox 1288 734 1409 823; x_wconf 74' lang='grc' dir='ltr'><strong>μέν</strong></span> <span class='ocrx_word' id='word_1_13' title='bbox 1443 730 1663 821; x_wconf 80' lang='grc' dir='ltr'>ἐσμεν,</span> <span class='ocrx_word' id='word_1_14' title='bbox 1700 731 1981 819; x_wconf 75' lang='grc' dir='ltr'>λέξομεν</span> <span class='ocrx_word' id='word_1_15' title='bbox 2016 729 2088 799; x_wconf 75' lang='grc' dir='ltr'><strong>δὲ</strong></span> <span class='ocrx_word' id='word_1_16' title='bbox 2115 731 2474 818; x_wconf 71' lang='grc' dir='ltr'>συντόμως.</span> <span class='ocrx_word' id='word_1_17' title='bbox 2545 729 2692 802; x_wconf 77' lang='lat' dir='ltr'><strong>Sed</strong></span> <span class='ocrx_word' id='word_1_18' title='bbox 2713 729 2966 802; x_wconf 76' lang='grc' dir='ltr'>πολλαὶ</span> 
     </span>
     <span class='ocr_line' id='line_1_4' title="bbox 674 851 2966 949; baseline -0.002 -21"><span class='ocrx_word' id='word_1_19' title='bbox 674 879 832 930; x_wconf 91' lang='lat' dir='ltr'><strong>non</strong></span> <span class='ocrx_word' id='word_1_20' title='bbox 885 854 1142 928; x_wconf 90' lang='lat' dir='ltr'><strong>minus</strong></span> <span class='ocrx_word' id='word_1_21' title='bbox 1200 857 1402 927; x_wconf 88' lang='lat' dir='ltr'><strong>recte</strong></span> <span class='ocrx_word' id='word_1_22' title='bbox 1461 851 1551 926; x_wconf 88' lang='lat' dir='ltr'><strong>de</strong></span> <span class='ocrx_word' id='word_1_23' title='bbox 1608 851 1857 926; x_wconf 84' lang='lat' dir='ltr'><strong>tribus</strong></span> <span class='ocrx_word' id='word_1_24' title='bbox 1905 875 2137 948; x_wconf 90' lang='lat' dir='ltr'><strong>quam</strong></span> <span class='ocrx_word' id='word_1_25' title='bbox 2184 852 2276 925; x_wconf 87' lang='lat' dir='ltr'><strong>de</strong></span> <span class='ocrx_word' id='word_1_26' title='bbox 2325 853 2610 949; x_wconf 86' lang='lat' dir='ltr'><strong>majore</strong></span> <span class='ocrx_word' id='word_1_27' title='bbox 2647 875 2966 925; x_wconf 90' lang='lat' dir='ltr'><strong>numero</strong></span> 
     </span>
     <span class='ocr_line' id='line_1_5' title="bbox 677 980 978 1055; baseline -0.013 0"><span class='ocrx_word' id='word_1_28' title='bbox 677 980 978 1055; x_wconf 89' lang='lat' dir='ltr'><strong>dicitur.</strong></span> 
     </span>
    </p>

    <p class='ocr_par' dir='ltr' id='par_1_3' title="bbox 675 1101 2979 3669">
     <span class='ocr_line' id='line_1_6' title="bbox 780 1101 2968 1198; baseline -0.001 -21"><span class='ocrx_word' id='word_1_29' title='bbox 780 1103 1081 1177; x_wconf 76' lang='lat' dir='ltr'>Similes</span> <span class='ocrx_word' id='word_1_30' title='bbox 1114 1125 1394 1176; x_wconf 86' lang='lat' dir='ltr'><strong>caussae</strong></span> <span class='ocrx_word' id='word_1_31' title='bbox 1428 1101 1722 1175; x_wconf 83' lang='lat' dir='ltr'><strong>faciunt</strong></span> <span class='ocrx_word' id='word_1_32' title='bbox 1753 1102 1843 1174; x_wconf 91' lang='lat' dir='ltr'><strong>ut</strong></span> <span class='ocrx_word' id='word_1_33' title='bbox 1877 1103 2143 1198; x_wconf 91' lang='lat' dir='ltr'><strong>putem</strong></span> <span class='ocrx_word' id='word_1_34' title='bbox 2176 1102 2262 1174; x_wconf 92' lang='lat' dir='ltr'><strong>in</strong></span> <span class='ocrx_word' id='word_1_35' title='bbox 2295 1101 2586 1176; x_wconf 84' lang='lat' dir='ltr'><strong>Oabiris</strong></span> <span class='ocrx_word' id='word_1_36' title='bbox 2620 1103 2699 1175; x_wconf 90' lang='lat' dir='ltr'><strong>et</strong></span> <span class='ocrx_word' id='word_1_37' title='bbox 2732 1102 2968 1175; x_wconf 88' lang='lat' dir='ltr'><strong>Phor-</strong></span> 
     </span>
     <span class='ocr_line' id='line_1_7' title="bbox 676 1224 2967 1324; baseline -0.002 -21"><span class='ocrx_word' id='word_1_38' title='bbox 676 1229 871 1304; x_wconf 90' lang='lat' dir='ltr'><strong>cisin</strong></span> <span class='ocrx_word' id='word_1_39' title='bbox 896 1228 1221 1302; x_wconf 89' lang='lat' dir='ltr'><strong>eundem</strong></span> <span class='ocrx_word' id='word_1_40' title='bbox 1239 1226 1475 1300; x_wconf 86' lang='lat' dir='ltr'><strong>fuisse</strong></span> <span class='ocrx_word' id='word_1_41' title='bbox 1495 1224 1730 1299; x_wconf 79' lang='lat' dir='ltr'><strong>chori</strong></span> <span class='ocrx_word' id='word_1_42' title='bbox 1751 1248 2184 1313; x_wconf 89' lang='lat' dir='ltr'><strong>numerum,</strong></span> <span class='ocrx_word' id='word_1_43' title='bbox 2207 1250 2478 1324; x_wconf 89' lang='lat' dir='ltr'><strong>nempe</strong></span> <span class='ocrx_word' id='word_1_44' title='bbox 2500 1226 2923 1299; x_wconf 86' lang='lat' dir='ltr'><strong>ternarium</strong></span> <span class='ocrx_word' id='word_1_45' title='bbox 2946 1251 2967 1309; x_wconf 91' lang='lat'>;</span> 
     </span>
     <span class='ocr_line' id='line_1_8' title="bbox 682 1347 2969 1451; baseline -0.003 -25"><span class='ocrx_word' id='word_1_46' title='bbox 682 1376 912 1451; x_wconf 91' lang='lat' dir='ltr'><strong>quem</strong></span> <span class='ocrx_word' id='word_1_47' title='bbox 946 1351 1181 1424; x_wconf 88' lang='lat' dir='ltr'><strong>etiam</strong></span> <span class='ocrx_word' id='word_1_48' title='bbox 1212 1349 1298 1422; x_wconf 92' lang='lat' dir='ltr'><strong>in</strong></span> <span class='ocrx_word' id='word_1_49' title='bbox 1331 1347 1685 1423; x_wconf 81' lang='lat' dir='ltr'><strong>Heliasin</strong></span> <span class='ocrx_word' id='word_1_50' title='bbox 1715 1348 1911 1421; x_wconf 83' lang='lat' dir='ltr'><strong>forte</strong></span> <span class='ocrx_word' id='word_1_51' title='bbox 1945 1372 2041 1421; x_wconf 84' lang='lat' dir='ltr'><strong>ex</strong></span> <span class='ocrx_word' id='word_1_52' title='bbox 2072 1348 2343 1436; x_wconf 78' lang='lat' dir='ltr'><strong>tribuS,</strong></span> <span class='ocrx_word' id='word_1_53' title='bbox 2381 1351 2583 1423; x_wconf 86' lang='lat' dir='ltr'><strong>certe</strong></span> <span class='ocrx_word' id='word_1_54' title='bbox 2614 1371 2771 1422; x_wconf 90' lang='lat' dir='ltr'><strong>non</strong></span> <span class='ocrx_word' id='word_1_55' title='bbox 2800 1349 2969 1447; x_wconf 91' lang='lat' dir='ltr'><strong>plu-</strong></span> 
     </span>
     <span class='ocr_line' id='line_1_9' title="bbox 678 1471 2972 1571; baseline -0.002 -21"><span class='ocrx_word' id='word_1_56' title='bbox 678 1476 891 1551; x_wconf 88' lang='lat' dir='ltr'><strong>ribus</strong></span> <span class='ocrx_word' id='word_1_57' title='bbox 928 1498 1159 1571; x_wconf 85' lang='lat' dir='ltr'><strong>quam</strong></span> <span class='ocrx_word' id='word_1_58' title='bbox 1195 1474 1487 1569; x_wconf 81' lang='lat' dir='ltr'><strong>septem</strong></span> <span class='ocrx_word' id='word_1_59' title='bbox 1518 1471 1951 1544; x_wconf 77' lang='lat' dir='ltr'><strong>constitisse</strong></span> <span class='ocrx_word' id='word_1_60' title='bbox 1985 1471 2274 1569; x_wconf 84' lang='lat' dir='ltr'>opinor.</span> <span class='ocrx_word' id='word_1_61' title='bbox 2379 1472 2631 1545; x_wconf 87' lang='lat' dir='ltr'><strong>Danai</strong></span> <span class='ocrx_word' id='word_1_62' title='bbox 2665 1472 2972 1570; x_wconf 87' lang='lat' dir='ltr'><strong>quidem</strong></span> 
     </span>
     <span class='ocr_line' id='line_1_10' title="bbox 677 1593 2970 1693; baseline -0.002 -21"><span class='ocrx_word' id='word_1_63' title='bbox 677 1598 876 1684; x_wconf 77' lang='lat' dir='ltr'><strong>filiae,</strong></span> <span class='ocrx_word' id='word_1_64' title='bbox 916 1620 1088 1693; x_wconf 86' lang='lat' dir='ltr'><strong>quae</strong></span> <span class='ocrx_word' id='word_1_65' title='bbox 1121 1596 1205 1667; x_wconf 91' lang='lat' dir='ltr'><strong>in</strong></span> <span class='ocrx_word' id='word_1_66' title='bbox 1242 1593 1725 1691; x_wconf 85' lang='lat' dir='ltr'><strong>Supplicibus</strong></span> <span class='ocrx_word' id='word_1_67' title='bbox 1761 1593 1994 1666; x_wconf 85' lang='lat' dir='ltr'><strong>Chori</strong></span> <span class='ocrx_word' id='word_1_68' title='bbox 2025 1597 2280 1690; x_wconf 85' lang='lat' dir='ltr'><strong>partes</strong></span> <span class='ocrx_word' id='word_1_69' title='bbox 2315 1593 2721 1682; x_wconf 87' lang='lat' dir='ltr'><strong>sustinent,</strong></span> <span class='ocrx_word' id='word_1_70' title='bbox 2752 1593 2970 1692; x_wconf 91' lang='lat' dir='ltr'><strong>quin-</strong></span> 
     </span>
     <span class='ocr_line' id='line_1_11' title="bbox 681 1717 2974 1818; baseline -0.001 -24"><span class='ocrx_word' id='word_1_71' title='bbox 681 1720 1051 1818; x_wconf 83' lang='lat' dir='ltr'><strong>quaginta</strong></span> <span class='ocrx_word' id='word_1_72' title='bbox 1082 1720 1299 1791; x_wconf 86' lang='lat' dir='ltr'><strong>erant</strong></span> <span class='ocrx_word' id='word_1_73' title='bbox 1332 1717 1433 1813; x_wconf 86' lang='lat' dir='ltr'><strong>(v.</strong></span> <span class='ocrx_word' id='word_1_74' title='bbox 1458 1720 1659 1806; x_wconf 84' lang='lat'>316.)</span> <span class='ocrx_word' id='word_1_75' title='bbox 1687 1717 1817 1789; x_wconf 87' lang='lat' dir='ltr'><strong>sed</strong></span> <span class='ocrx_word' id='word_1_76' title='bbox 1848 1741 2122 1814; x_wconf 84' lang='lat' dir='ltr'><strong>parum</strong></span> <span class='ocrx_word' id='word_1_77' title='bbox 2146 1717 2553 1792; x_wconf 85' lang='lat' dir='ltr'><strong>verisimile</strong></span> <span class='ocrx_word' id='word_1_78' title='bbox 2587 1722 2703 1792; x_wconf 87' lang='lat' dir='ltr'><strong>est</strong></span> <span class='ocrx_word' id='word_1_79' title='bbox 2735 1719 2974 1793; x_wconf 88' lang='lat' dir='ltr'><strong>istum</strong></span> 
     </span>
     <span class='ocr_line' id='line_1_12' title="bbox 675 1840 2975 1939; baseline 0 -23"><span class='ocrx_word' id='word_1_80' title='bbox 675 1866 1090 1916; x_wconf 65' lang='lat' dir='ltr'><strong>&gt;numerum</strong></span> <span class='ocrx_word' id='word_1_81' title='bbox 1126 1841 1357 1914; x_wconf 89' lang='lat' dir='ltr'><strong>simul</strong></span> <span class='ocrx_word' id='word_1_82' title='bbox 1408 1840 1492 1912; x_wconf 90' lang='lat' dir='ltr'><strong>in</strong></span> <span class='ocrx_word' id='word_1_83' title='bbox 1538 1840 1859 1937; x_wconf 74' lang='lat' dir='ltr'><strong>pulpitis</strong></span> <span class='ocrx_word' id='word_1_84' title='bbox 1913 1841 2229 1914; x_wconf 89' lang='lat' dir='ltr'><strong>stetisse.</strong></span> <span class='ocrx_word' id='word_1_85' title='bbox 2334 1842 2704 1932; x_wconf 78' lang='lat' dir='ltr'><strong>Quaenam</strong></span> <span class='ocrx_word' id='word_1_86' title='bbox 2735 1842 2975 1939; x_wconf 87' lang='lat' dir='ltr'><strong>igitur</strong></span> 
     </span>
     <span class='ocr_line' id='line_1_13' title="bbox 677 1963 2975 2063; baseline -0.001 -21"><span class='ocrx_word' id='word_1_87' title='bbox 677 1991 851 2042; x_wconf 88' lang='lat' dir='ltr'><strong>mea</strong></span> <span class='ocrx_word' id='word_1_88' title='bbox 884 1967 983 2039; x_wconf 90' lang='lat' dir='ltr'><strong>sit</strong></span> <span class='ocrx_word' id='word_1_89' title='bbox 1020 1965 1397 2039; x_wconf 86' lang='lat' dir='ltr'><strong>sententia</strong></span> <span class='ocrx_word' id='word_1_90' title='bbox 1448 1965 1540 2038; x_wconf 89' lang='lat' dir='ltr'><strong>de</strong></span> <span class='ocrx_word' id='word_1_91' title='bbox 1582 1963 1817 2038; x_wconf 86' lang='lat' dir='ltr'><strong>Chori</strong></span> <span class='ocrx_word' id='word_1_92' title='bbox 1850 1963 2415 2052; x_wconf 84' lang='lat' dir='ltr'><strong>constitutione,</strong></span> <span class='ocrx_word' id='word_1_93' title='bbox 2452 1989 2539 2038; x_wconf 87' lang='lat' dir='ltr'><strong>ex</strong></span> <span class='ocrx_word' id='word_1_94' title='bbox 2570 1966 2975 2063; x_wconf 86' lang='lat' dir='ltr'><strong>praemissis</strong></span> 
     </span>
     <span class='ocr_line' id='line_1_14' title="bbox 681 2087 2970 2187; baseline -0.001 -21"><span class='ocrx_word' id='word_1_95' title='bbox 681 2089 940 2186; x_wconf 78' lang='lat' dir='ltr'><strong>colligi</strong></span> <span class='ocrx_word' id='word_1_96' title='bbox 985 2092 1258 2185; x_wconf 88' lang='lat' dir='ltr'><strong>potest,</strong></span> <span class='ocrx_word' id='word_1_97' title='bbox 1308 2112 1579 2186; x_wconf 89' lang='lat' dir='ltr'><strong>nempe</strong></span> <span class='ocrx_word' id='word_1_98' title='bbox 1627 2088 1711 2160; x_wconf 92' lang='lat' dir='ltr'><strong>in</strong></span> <span class='ocrx_word' id='word_1_99' title='bbox 1753 2087 2092 2184; x_wconf 81' lang='lat' dir='ltr'><strong>AEschyli</strong></span> <span class='ocrx_word' id='word_1_100' title='bbox 2145 2110 2307 2160; x_wconf 86' lang='lat' dir='ltr'><strong>aevo</strong></span> <span class='ocrx_word' id='word_1_101' title='bbox 2361 2090 2649 2163; x_wconf 85' lang='lat' dir='ltr'><strong>certam</strong></span> <span class='ocrx_word' id='word_1_102' title='bbox 2700 2090 2970 2187; x_wconf 86' lang='lat' dir='ltr'><strong>legem,</strong></span> 
     </span>
     <span class='ocr_line' id='line_1_15' title="bbox 681 2209 2978 2311; baseline 0 -25"><span class='ocrx_word' id='word_1_103' title='bbox 681 2236 853 2311; x_wconf 88' lang='lat' dir='ltr'><strong>quae</strong></span> <span class='ocrx_word' id='word_1_104' title='bbox 885 2236 1294 2284; x_wconf 89' lang='lat' dir='ltr'><strong>numerum</strong></span> <span class='ocrx_word' id='word_1_105' title='bbox 1328 2213 1490 2308; x_wconf 85' lang='lat' dir='ltr'><strong>ejus</strong></span> <span class='ocrx_word' id='word_1_106' title='bbox 1527 2210 1897 2297; x_wconf 87' lang='lat' dir='ltr'><strong>definiret,</strong></span> <span class='ocrx_word' id='word_1_107' title='bbox 1934 2209 2231 2282; x_wconf 86' lang='lat' dir='ltr'><strong>nullam</strong></span> <span class='ocrx_word' id='word_1_108' title='bbox 2276 2211 2701 2300; x_wconf 81' lang='lat' dir='ltr'><strong>exstitisse3</strong></span> <span class='ocrx_word' id='word_1_109' title='bbox 2773 2214 2978 2311; x_wconf 88' lang='lat' dir='ltr'><strong>quod</strong></span> 
     </span>
     <span class='ocr_line' id='line_1_16' title="bbox 678 2334 2976 2435; baseline -0.002 -21"><span class='ocrx_word' id='word_1_110' title='bbox 678 2339 912 2415; x_wconf 89' lang='lat' dir='ltr'><strong>etiam</strong></span> <span class='ocrx_word' id='word_1_111' title='bbox 946 2361 1041 2411; x_wconf 84' lang='lat' dir='ltr'><strong>ex</strong></span> <span class='ocrx_word' id='word_1_112' title='bbox 1072 2342 1351 2411; x_wconf 87' lang='lat' dir='ltr'><strong>natura</strong></span> <span class='ocrx_word' id='word_1_113' title='bbox 1389 2362 1649 2411; x_wconf 89' lang='lat' dir='ltr'><strong>rerum</strong></span> <span class='ocrx_word' id='word_1_114' title='bbox 1693 2334 2046 2410; x_wconf 83' lang='lat' dir='ltr'><strong>credibile</strong></span> <span class='ocrx_word' id='word_1_115' title='bbox 2090 2334 2204 2420; x_wconf 90' lang='lat' dir='ltr'><strong>fit,</strong></span> <span class='ocrx_word' id='word_1_116' title='bbox 2245 2334 2310 2407; x_wconf 91' lang='lat' dir='ltr'><strong>si</strong></span> <span class='ocrx_word' id='word_1_117' title='bbox 2341 2337 2662 2410; x_wconf 88' lang='lat' dir='ltr'><strong>recentis</strong></span> <span class='ocrx_word' id='word_1_118' title='bbox 2695 2341 2976 2435; x_wconf 83' lang='lat' dir='ltr'><strong>tragoe·</strong></span> 
     </span>
     <span class='ocr_line' id='line_1_17' title="bbox 680 2456 2972 2559; baseline -0.002 -22"><span class='ocrx_word' id='word_1_119' title='bbox 680 2465 825 2537; x_wconf 87' lang='lat' dir='ltr'><strong>diae</strong></span> <span class='ocrx_word' id='word_1_120' title='bbox 859 2461 1369 2536; x_wconf 88' lang='lat' dir='ltr'><strong>conditionem</strong></span> <span class='ocrx_word' id='word_1_121' title='bbox 1405 2463 1855 2558; x_wconf 79' lang='lat' dir='ltr'><strong>spectamuS,</strong></span> <span class='ocrx_word' id='word_1_122' title='bbox 1887 2480 2120 2554; x_wconf 88' lang='lat' dir='ltr'><strong>quam</strong></span> <span class='ocrx_word' id='word_1_123' title='bbox 2150 2456 2444 2553; x_wconf 82' lang='lat' dir='ltr'><strong>primus</strong></span> <span class='ocrx_word' id='word_1_124' title='bbox 2477 2461 2640 2558; x_wconf 91' lang='lat' dir='ltr'><strong>ipse</strong></span> <span class='ocrx_word' id='word_1_125' title='bbox 2665 2462 2972 2559; x_wconf 80' lang='lat' dir='ltr'><strong>AEschy-</strong></span> 
     </span>
     <span class='ocr_line' id='line_1_18' title="bbox 678 2582 2974 2685; baseline 0 -26"><span class='ocrx_word' id='word_1_126' title='bbox 678 2587 801 2659; x_wconf 91' lang='lat' dir='ltr'><strong>lus</strong></span> <span class='ocrx_word' id='word_1_127' title='bbox 848 2610 942 2658; x_wconf 88' lang='lat' dir='ltr'><strong>ex</strong></span> <span class='ocrx_word' id='word_1_128' title='bbox 990 2586 1227 2658; x_wconf 91' lang='lat' dir='ltr'><strong>humo</strong></span> <span class='ocrx_word' id='word_1_129' title='bbox 1264 2585 1699 2670; x_wconf 87' lang='lat' dir='ltr'><strong>sustulerat,</strong></span> <span class='ocrx_word' id='word_1_130' title='bbox 1735 2583 2182 2677; x_wconf 90' lang='lat' dir='ltr'><strong>modicoque</strong></span> <span class='ocrx_word' id='word_1_131' title='bbox 2230 2582 2700 2660; x_wconf 84' lang='lat' dir='ltr'><strong>instruxerat</strong></span> <span class='ocrx_word' id='word_1_132' title='bbox 2749 2610 2974 2685; x_wconf 84' lang='lat' dir='ltr'><strong>appa-</strong></span> 
     </span>
     <span class='ocr_line' id='line_1_19' title="bbox 680 2707 2974 2807; baseline 0.001 -26"><span class='ocrx_word' id='word_1_133' title='bbox 680 2712 878 2783; x_wconf 85' lang='lat' dir='ltr'><strong>ratu.</strong></span> <span class='ocrx_word' id='word_1_134' title='bbox 1006 2709 1191 2782; x_wconf 89' lang='lat' dir='ltr'><strong>Istis</strong></span> <span class='ocrx_word' id='word_1_135' title='bbox 1237 2707 1710 2805; x_wconf 88' lang='lat' dir='ltr'><strong>temporibus</strong></span> <span class='ocrx_word' id='word_1_136' title='bbox 1765 2710 1928 2779; x_wconf 89' lang='lat' dir='ltr'><strong>erat</strong></span> <span class='ocrx_word' id='word_1_137' title='bbox 1986 2709 2416 2806; x_wconf 75' lang='lat' dir='ltr'><strong>praecipuus</strong></span> <span class='ocrx_word' id='word_1_138' title='bbox 2469 2710 2974 2807; x_wconf 85' lang='lat' dir='ltr'><strong>choragorum</strong></span> 
     </span>
     <span class='ocr_line' id='line_1_20' title="bbox 683 2831 2974 2934; baseline 0.001 -27"><span class='ocrx_word' id='word_1_139' title='bbox 683 2835 982 2907; x_wconf 90' lang='lat' dir='ltr'><strong>sumtus</strong></span> <span class='ocrx_word' id='word_1_140' title='bbox 1030 2834 1229 2908; x_wconf 89' lang='lat' dir='ltr'><strong>circa</strong></span> <span class='ocrx_word' id='word_1_141' title='bbox 1279 2833 1545 2907; x_wconf 88' lang='lat' dir='ltr'><strong>choros</strong></span> <span class='ocrx_word' id='word_1_142' title='bbox 1588 2831 2203 2928; x_wconf 80' lang='lat' dir='ltr'><strong>dithyrambicoS,</strong></span> <span class='ocrx_word' id='word_1_143' title='bbox 2239 2834 2361 2907; x_wconf 87' lang='lat' dir='ltr'><strong>vel</strong></span> <span class='ocrx_word' id='word_1_144' title='bbox 2407 2835 2747 2931; x_wconf 77' lang='lat' dir='ltr'><strong>cyclicOS,</strong></span> <span class='ocrx_word' id='word_1_145' title='bbox 2786 2860 2974 2934; x_wconf 87' lang='lat' dir='ltr'><strong>quos</strong></span> 
     </span>
     <span class='ocr_line' id='line_1_21' title="bbox 682 2955 2974 3053; baseline 0.002 -25"><span class='ocrx_word' id='word_1_146' title='bbox 682 2981 776 3029; x_wconf 86' lang='lat' dir='ltr'><strong>ex</strong></span> <span class='ocrx_word' id='word_1_147' title='bbox 831 2955 1390 3053; x_wconf 86' lang='lat' dir='ltr'><strong>quinquaginta</strong></span> <span class='ocrx_word' id='word_1_148' title='bbox 1446 2955 1628 3029; x_wconf 87' lang='lat' dir='ltr'><strong>viris</strong></span> <span class='ocrx_word' id='word_1_149' title='bbox 1686 2956 2114 3029; x_wconf 86' lang='lat' dir='ltr'><strong>constitisse</strong></span> <span class='ocrx_word' id='word_1_150' title='bbox 2173 2956 2505 3030; x_wconf 85' lang='lat' dir='ltr'><strong>ostendit</strong></span> <span class='ocrx_word' id='word_1_151' title='bbox 2567 2958 2974 3033; x_wconf 85' lang='lat' dir='ltr'><strong>Simonidis</strong></span> 
     </span>
     <span class='ocr_line' id='line_1_22' title="bbox 683 3078 2974 3183; baseline 0.002 -31"><span class='ocrx_word' id='word_1_152' title='bbox 683 3080 1149 3176; x_wconf 85' lang='lat' dir='ltr'><strong>epigramma</strong></span> <span class='ocrx_word' id='word_1_153' title='bbox 1192 3101 1419 3174; x_wconf 85' lang='lat' dir='ltr'><strong>supra</strong></span> <span class='ocrx_word' id='word_1_154' title='bbox 1460 3078 1807 3164; x_wconf 84' lang='lat' dir='ltr'><strong>citatum,</strong></span> <span class='ocrx_word' id='word_1_155' title='bbox 1854 3081 2057 3175; x_wconf 86' lang='lat' dir='ltr'><strong>quod</strong></span> <span class='ocrx_word' id='word_1_156' title='bbox 2111 3081 2202 3153; x_wconf 91' lang='lat' dir='ltr'><strong>de</strong></span> <span class='ocrx_word' id='word_1_157' title='bbox 2260 3082 2674 3156; x_wconf 88' lang='lat' dir='ltr'><strong>certamine</strong></span> <span class='ocrx_word' id='word_1_158' title='bbox 2727 3084 2974 3183; x_wconf 81' lang='lat' dir='ltr'><strong>dithy-</strong></span> 
     </span>
     <span class='ocr_line' id='line_1_23' title="bbox 682 3201 2979 3298; baseline 0.003 -25"><span class='ocrx_word' id='word_1_159' title='bbox 682 3202 1017 3276; x_wconf 84' lang='lat' dir='ltr'><strong>rambico</strong></span> <span class='ocrx_word' id='word_1_160' title='bbox 1053 3203 1423 3298; x_wconf 89' lang='lat' dir='ltr'><strong>scriptum</strong></span> <span class='ocrx_word' id='word_1_161' title='bbox 1446 3201 1703 3287; x_wconf 88' lang='lat' dir='ltr'><strong>fuisse,</strong></span> <span class='ocrx_word' id='word_1_162' title='bbox 1729 3225 1970 3298; x_wconf 92' lang='lat' dir='ltr'><strong>quum</strong></span> <span class='ocrx_word' id='word_1_163' title='bbox 2003 3227 2098 3275; x_wconf 83' lang='lat' dir='ltr'><strong>ex</strong></span> <span class='ocrx_word' id='word_1_164' title='bbox 2132 3204 2300 3276; x_wconf 87' lang='lat' dir='ltr'><strong>aliis</strong></span> <span class='ocrx_word' id='word_1_165' title='bbox 2333 3204 2781 3295; x_wconf 76' lang='lat' dir='ltr'><strong>rationibUS,</strong></span> <span class='ocrx_word' id='word_1_166' title='bbox 2803 3210 2979 3280; x_wconf 85' lang='lat' dir='ltr'><strong>tum</strong></span> 
     </span>
     <span class='ocr_line' id='line_1_24' title="bbox 684 3324 2978 3423; baseline 0.003 -26"><span class='ocrx_word' id='word_1_167' title='bbox 684 3325 917 3397; x_wconf 89' lang='lat' dir='ltr'><strong>etiam</strong></span> <span class='ocrx_word' id='word_1_168' title='bbox 951 3350 1046 3398; x_wconf 83' lang='lat' dir='ltr'><strong>ex</strong></span> <span class='ocrx_word' id='word_1_169' title='bbox 1078 3326 1221 3399; x_wconf 90' lang='lat' dir='ltr'><strong>hac</strong></span> <span class='ocrx_word' id='word_1_170' title='bbox 1253 3324 1489 3422; x_wconf 89' lang='lat' dir='ltr'><strong>patet,</strong></span> <span class='ocrx_word' id='word_1_171' title='bbox 1530 3324 1733 3419; x_wconf 92' lang='lat' dir='ltr'><strong>quod</strong></span> <span class='ocrx_word' id='word_1_172' title='bbox 1766 3324 1850 3396; x_wconf 87' lang='lat' dir='ltr'><strong>in</strong></span> <span class='ocrx_word' id='word_1_173' title='bbox 1884 3348 1971 3397; x_wconf 93' lang='lat' dir='ltr'><strong>eo</strong></span> <span class='ocrx_word' id='word_1_174' title='bbox 2005 3327 2252 3423; x_wconf 85' lang='lat' dir='ltr'><strong>tripus</strong></span> <span class='ocrx_word' id='word_1_175' title='bbox 2302 3334 2813 3418; x_wconf 90' lang='lat' dir='ltr'><strong>memoratur;</strong></span> <span class='ocrx_word' id='word_1_176' title='bbox 2886 3333 2978 3405; x_wconf 89' lang='lat' dir='ltr'><strong>de</strong></span> 
     </span>
     <span class='ocr_line' id='line_1_25' title="bbox 684 3446 2977 3548; baseline 0.003 -27"><span class='ocrx_word' id='word_1_177' title='bbox 684 3472 835 3547; x_wconf 91' lang='lat' dir='ltr'><strong>quo</strong></span> <span class='ocrx_word' id='word_1_178' title='bbox 871 3448 1177 3545; x_wconf 90' lang='lat' dir='ltr'><strong>quidem</strong></span> <span class='ocrx_word' id='word_1_179' title='bbox 1208 3446 1507 3544; x_wconf 87' lang='lat' dir='ltr'><strong>tripode</strong></span> <span class='ocrx_word' id='word_1_180' title='bbox 1541 3471 1783 3543; x_wconf 86' lang='lat' dir='ltr'><strong>quum</strong></span> <span class='ocrx_word' id='word_1_181' title='bbox 1814 3471 2056 3544; x_wconf 89' lang='lat' dir='ltr'><strong>pauca</strong></span> <span class='ocrx_word' id='word_1_182' title='bbox 2091 3450 2245 3522; x_wconf 88' lang='lat' dir='ltr'><strong>sint</strong></span> <span class='ocrx_word' id='word_1_183' title='bbox 2296 3476 2468 3548; x_wconf 85' lang='lat' dir='ltr'><strong>quae</strong></span> <span class='ocrx_word' id='word_1_184' title='bbox 2500 3455 2790 3527; x_wconf 82' lang='lat' dir='ltr'><strong>veteres</strong></span> <span class='ocrx_word' id='word_1_185' title='bbox 2823 3456 2977 3527; x_wconf 87' lang='lat' dir='ltr'><strong>tra-</strong></span> 
     </span>
     <span class='ocr_line' id='line_1_26' title="bbox 686 3572 2804 3669; baseline 0.002 -23"><span class='ocrx_word' id='word_1_186' title='bbox 686 3574 1065 3660; x_wconf 86' lang='lat' dir='ltr'><strong>diderunt,</strong></span> <span class='ocrx_word' id='word_1_187' title='bbox 1101 3572 1387 3669; x_wconf 90' lang='lat' dir='ltr'><strong>primos</strong></span> <span class='ocrx_word' id='word_1_188' title='bbox 1413 3572 2009 3669; x_wconf 82' lang='lat' dir='ltr'><strong>Epigrammatis</strong></span> <span class='ocrx_word' id='word_1_189' title='bbox 2042 3596 2305 3647; x_wconf 86' lang='lat' dir='ltr'><strong>versus</strong></span> <span class='ocrx_word' id='word_1_190' title='bbox 2339 3575 2804 3650; x_wconf 85' lang='lat' dir='ltr'><strong>adscribam:</strong></span> 
     </span>
    </p>
   </div>
   <div class='ocr_carea' id='block_1_3' title="bbox 977 3799 2628 4149">
    <p class='ocr_par' dir='ltr' id='par_1_4' title="bbox 977 3799 2628 4149">
     <span class='ocr_line' id='line_1_27' title="bbox 977 3799 2628 3898; baseline 0.007 -29"><span class='ocrx_word' id='word_1_191' title='bbox 977 3800 1249 3898; x_wconf 56' lang='lat' dir='ltr'><strong>‘’&#39;prev</strong></span> <span class='ocrx_word' id='word_1_192' title='bbox 1282 3799 1702 3890; x_wconf 63' lang='grc' dir='ltr'>Ἀδείμαντος</span> <span class='ocrx_word' id='word_1_193' title='bbox 1736 3806 1854 3885; x_wconf 82' lang='grc' dir='ltr'><strong>μὲν</strong></span> <span class='ocrx_word' id='word_1_194' title='bbox 1883 3803 2271 3891; x_wconf 67' lang='grc' dir='ltr'>Ἀθηναίοις,</span> <span class='ocrx_word' id='word_1_195' title='bbox 2311 3805 2416 3876; x_wconf 80' lang='grc' dir='ltr'><strong>ὅτ’</strong></span> <span class='ocrx_word' id='word_1_196' title='bbox 2454 3808 2628 3880; x_wconf 74' lang='grc' dir='ltr'>ἐνίκα</span> 
     </span>
     <span class='ocr_line' id='line_1_28' title="bbox 1084 3921 2366 4022; baseline 0.003 -29"><span class='ocrx_word' id='word_1_197' title='bbox 1084 3921 1416 4019; x_wconf 66' lang='grc' dir='ltr'>Ἀντιοχὶς</span> <span class='ocrx_word' id='word_1_198' title='bbox 1452 3926 1644 4019; x_wconf 82' lang='grc' dir='ltr'>φυλὴ</span> <span class='ocrx_word' id='word_1_199' title='bbox 1678 3925 2022 3996; x_wconf 71' lang='grc' dir='ltr'>δαιδαλὲον</span> <span class='ocrx_word' id='word_1_200' title='bbox 2057 3928 2366 4022; x_wconf 71' lang='grc' dir='ltr'>τρίποδα·</span> 
     </span>
     <span class='ocr_line' id='line_1_29' title="bbox 990 4048 2615 4149; baseline 0.002 -30"><span class='ocrx_word' id='word_1_201' title='bbox 990 4048 1402 4142; x_wconf 78' lang='grc' dir='ltr'>Ξεινοφίλου</span> <span class='ocrx_word' id='word_1_202' title='bbox 1438 4048 1510 4117; x_wconf 75' lang='grc' dir='ltr'><strong>δέ</strong></span> <span class='ocrx_word' id='word_1_203' title='bbox 1544 4079 1646 4124; x_wconf 67' lang='grc' dir='ltr'><strong>τις</strong></span> <span class='ocrx_word' id='word_1_204' title='bbox 1680 4048 1815 4125; x_wconf 67' lang='grc' dir='ltr'><strong>υἷος</strong></span> <span class='ocrx_word' id='word_1_205' title='bbox 1850 4048 2264 4141; x_wconf 66' lang='grc' dir='ltr'>Ἀριστείδης</span> <span class='ocrx_word' id='word_1_206' title='bbox 2294 4053 2615 4149; x_wconf 78' lang='grc' dir='ltr'>ἐχορῆγει</span> 
     </span>
    </p>
   </div>
   <div class='ocr_carea' id='block_1_4' title="bbox 1090 4169 2557 4271">
    <p class='ocr_par' dir='ltr' id='par_1_5' title="bbox 1090 4169 2557 4271">
     <span class='ocr_line' id='line_1_30' title="bbox 1090 4169 2557 4271; baseline 0.002 -30"><span class='ocrx_word' id='word_1_207' title='bbox 1090 4169 1503 4250; x_wconf 73' lang='grc' dir='ltr'>Πεντῆκοντ’</span> <span class='ocrx_word' id='word_1_208' title='bbox 1540 4169 1792 4265; x_wconf 68' lang='grc' dir='ltr'>ἀνδρῶν</span> <span class='ocrx_word' id='word_1_209' title='bbox 1823 4175 1996 4242; x_wconf 77' lang='grc' dir='ltr'>καλὰ</span> <span class='ocrx_word' id='word_1_210' title='bbox 2031 4176 2309 4263; x_wconf 81' lang='grc' dir='ltr'>μαθόντι</span> <span class='ocrx_word' id='word_1_211' title='bbox 2343 4182 2557 4271; x_wconf 71' lang='grc' dir='ltr'>χορῷ.</span> 
     </span>
    </p>
   </div>
   <div class='ocr_carea' id='block_1_5' title="bbox 691 4400 2984 4499">
    <p class='ocr_par' dir='ltr' id='par_1_6' title="bbox 691 4400 2984 4499">
     <span class='ocr_line' id='line_1_31' title="bbox 691 4400 2984 4499; baseline 0.004 -26"><span class='ocrx_word' id='word_1_212' title='bbox 691 4401 835 4473; x_wconf 84' lang='lat' dir='ltr'><strong>Sed</strong></span> <span class='ocrx_word' id='word_1_213' title='bbox 882 4402 968 4474; x_wconf 90' lang='lat' dir='ltr'><strong>in</strong></span> <span class='ocrx_word' id='word_1_214' title='bbox 1016 4400 1263 4498; x_wconf 89' lang='lat' dir='ltr'><strong>primo</strong></span> <span class='ocrx_word' id='word_1_215' title='bbox 1308 4423 1534 4474; x_wconf 86' lang='lat' dir='ltr'><strong>versu</strong></span> <span class='ocrx_word' id='word_1_216' title='bbox 1582 4400 1758 4472; x_wconf 83' lang='lat' dir='ltr'><strong>vide</strong></span> <span class='ocrx_word' id='word_1_217' title='bbox 1807 4424 1906 4472; x_wconf 88' lang='lat' dir='ltr'><strong>an</strong></span> <span class='ocrx_word' id='word_1_218' title='bbox 1957 4402 2365 4499; x_wconf 87' lang='lat' dir='ltr'><strong>legendum</strong></span> <span class='ocrx_word' id='word_1_219' title='bbox 2407 4406 2508 4479; x_wconf 87' lang='lat' dir='ltr'><strong>sit</strong></span> <span class='ocrx_word' id='word_1_220' title='bbox 2563 4407 2668 4479; x_wconf 78' lang='grc' dir='ltr'><strong>ὅτ’</strong></span> <span class='ocrx_word' id='word_1_221' title='bbox 2725 4411 2984 4492; x_wconf 80' lang='grc' dir='ltr'>ἔθηκεν.</span> 
     </span>
    </p>
   </div>
  </div>
 </body>
</html>
