3282 5193
6 2346 21 2453 vua·-
8 2170 11 2187 -
6 2116 9 2125 ·
8 1972 16 1997 “·
6 1920 15 1947 ““
6 1858 13 1871 “

667 451 817 522 142
1519 417 2024 515 onossassmn

666 643 1033 723 δυνάμενος.)
1115 641 1368 722 Etymol.
1405 639 1495 701 M.
1534 660 1596 717 p.
1633 640 1765 707 595,
1802 641 1856 695 1.
1901 635 2126 694 Min-305
2166 637 2346 713 ἔχθῦς,
2389 638 2686 713 Σοφοκλῆς,
2726 637 2757 692 ὃ
2791 638 2872 712 μὴ

669 739 876 798 αὐδῶν.
951 737 1085 796 ὅθεν
1128 739 1215 795 καὶ
1260 729 1916 808 {notk—Callimachus
1957 747 2053 805 ap.
2099 726 2300 804 Steph.
2345 725 2487 804 Byz.
2530 747 2586 784 v.
2633 727 2868 785 Βάλδος.

669 830 775 910 (fr.
807 830 1075 906 CCLX.)
1136 825 1328 887 Πουλῦ
1376 829 1750 885 θαλασσαίων
1780 820 2104 900 μυνδότεροι
2150 817 2418 878 νεπόδων.
2503 818 2738 877 Lucret.
2782 818 2867 877 II.

678 925 849 982 1081.
892 929 1083 980 mutas
1109 918 1537 996 squamigeram
1552 915 1824 992 pecudes.
1896 911 2109 969 Horat.
2133 913 2193 968 4.
2215 909 2406 969 Carm.
2430 909 2550 967 III.
2577 913 2668 970 19.
2699 913 2874 968 mutia

670 1035 885 1092 quoque
900 1014 1159 1090 piscibus
1178 1013 1487 1070 Donatum
1514 1010 1698 1086 cycni,
1721 1009 1774 1065 si
1801 1006 2000 1074 libeat,
2024 1024 2239 1062 sonum.
2310 1002 2503 1061 Schol.
2528 1003 2603 1061 ad
2619 1002 2869 1081 Oppian.

673 1105 929 1164 Halieut.
960 1105 1046 1163 Π.
1078 1104 1215 1162 658.
1258 1104 1472 1178 ἄφωνοι
1504 1102 1555 1160 οἱ
1589 1103 1803 1177 ἰχθύες,
1835 1101 1923 1155 καὶ
1959 1094 2220 1156 ἄναυδοι.
2305 1093 2874 1173 Ρὶεοίῑιω’ἒχεμυθία

672 1217 871 1257 caussa
904 1203 1041 1265 erat,
1078 1214 1180 1255 eur
1210 1215 1247 1254 a
1286 1191 1662 1272 Pythagoreis
1703 1209 1819 1250 non
1861 1189 2198 1248 ederentur:
2240 1187 2357 1245 vid.
2399 1186 2728 1245 Markland.
2757 1189 2870 1265 Ep.

674 1288 820 1346 Crit.
848 1307 910 1366 p.
942 1289 1041 1346 64.
1070 1292 1128 1344 et
1156 1285 1233 1344 cf.
1262 1283 1501 1342 Amald.
1533 1280 1841 1341 Animadv.
1872 1301 1931 1358 p.
1963 1282 2102 1339 285.
2185 1277 2426 1336 Dorvill.
2457 1277 2533 1335 ad
2570 1278 2869 1338 Chariton.

672 1399 733 1457 p.
768 1379 904 1442 762.
961 1377 1223 1454 Denique
1252 1376 1300 1435 si
1324 1375 1387 1434 in
1411 1374 1521 1433 hoe
1547 1374 1674 1432 loco
1699 1372 2005 1450 imaginem
2035 1376 2274 1446 specta,
2298 1368 2556 1427 oonferas
2577 1368 2874 1428 claudian.

676 1469 747 1528 de
776 1469 882 1528 IV.
927 1468 1101 1528 Cons.
1126 1468 1351 1527 Honor.
1449 1469 1772 1526 Submersae
1795 1466 1993 1523 sedere
2018 1468 2180 1520 rates
2200 1485 2219 1519 .·
2245 1463 2563 1538 fluitantia
2590 1481 2876 1538 nunquam

675 1562 924 1635 Lan-qim
949 1562 1197 1620 Arctoos
1213 1580 1431 1636 pavere
1457 1560 1738 1618 cadavera
1754 1559 1967 1633 pisces.
2052 1553 2336 1612 Herodot.
2356 1551 2464 1611 VI.
2494 1555 2593 1610 44.
2618 1553 2690 1612 de
2717 1553 2878 1612 Darii

675 1651 882 1721 nautiS,
932 1652 1047 1729 qui,
1094 1651 1311 1710 ratibus
1358 1649 1684 1718 submersi8‚
1728 1644 2166 1724 θηριωδεστάτης
2207 1645 2405 1714 ἐούσης
2441 1649 2538 1714 τῆς
2577 1644 2870 1716 θαλάσσης

676 1742 878 1815 ταύτης
906 1747 1029 1820 περὶ
1057 1742 1158 1802 τὸν
1172 1743 1561 1802 ’Ἄθων-ὕπὸ
1586 1747 1699 1801 τῶν
1728 1745 1933 1816 θηρίων
1962 1739 2338 1815 διεφθείροντο
2366 1739 2774 1815 ἁρπαζόμενοι.

759 1912 897 1968 584.
959 1887 1381 1986 ἈμίανΤΟς.
1480 1909 1846 1985 Ῑηψοῑῖαίιιε.
1947 1905 2140 1965 Schol.
2173 1905 2386 1977 δηλάδη
2415 1905 2727 1976 θαλάσσης.
2808 1906 2874 1963 οὐ

680 2001 793 2072 γὰρ
831 2002 1117 2075 μιαίνεται
1157 1998 1401 2065 πώποτε,
1446 1999 1537 2056 καὶ
1577 1999 1809 2055 πολλῶν
1853 1995 2237 2073 μολυσμᾶτων
2283 1995 2671 2072 ἐπιχυθέντων
2715 1997 2874 2072 αὐτῇ.

681 2088 794 2148 Sed
820 2108 974 2148 mare
1004 2093 1281 2163 ἀμίαντον
1316 2089 1536 2147 dietum
1562 2089 1804 2159 videtur,
1836 2087 1972 2166 quia
2002 2105 2231 2144 omnem
2262 2085 2652 2164 impuritatem
2689 2086 2880 2146 ablue-

679 2181 815 2249 bat;
859 2200 995 2238 nam
1022 2184 1307 2240 Θάλασσα
1337 2181 1530 2250 κλύζει
1563 2180 1753 2239 πάντα
1786 2181 2128 2256 τάνθρώπων
2156 2176 2314 2237 κακά.
2401 2177 2736 2236 Scholiastae
2777 2177 2878 2235 ob-

678 2271 1010 2331 versabatur
1050 2272 1218 2332 Iliad.
1258 2283 1330 2331 A.
1363 2276 1503 2332 314.
1561 2273 1632 2334 Oi
1667 2273 1711 2332 δ’
1748 2276 2226 2348 ἀπελυμαίνοντο,
2268 2272 2356 2328 καὶ
2399 2273 2478 2328 εἷς
2521 2269 2638 2329 ἅλα
2679 2270 2882 2347 λύματ’

683 2363 961 2439 ἔβαλλον.

764 2524 899 2583 591.
956 2497 1007 2546 *⁵
1035 2502 1699 2603 Περσονομοῧμαι.
1771 2521 2087 2580 Persarum
2115 2521 2336 2595 legibus
2352 2538 2557 2595 parm.
2593 2519 2710 2578 “v-‹⁸›
2742 2525 2890 2601 Περῇ

687 2618 953 2687 σονομεῖν
984 2608 1291 2684 (-μεῖσθαι)
1324 2610 1634 2666 Persarum
1663 2610 1880 2683 leyibus
1905 2611 2017 2677 uti,
2049 2614 2106 2667 et
2131 2607 2192 2666 in
2218 2627 2274 2665 v.
2301 2609 2436 2669 916.
2521 2611 2884 2685 Περσονόμου

684 2708 839 2778 τιμῆς
878 2705 1249 2778 opponuntur
1281 2698 1529 2777 vulgatis
1563 2698 1677 2757 illis
1716 2699 2050 2758 Graecorum
2088 2702 2166 2775 τῷ
2194 2702 2529 2776 αὒτονομεῖν
2565 2698 2881 2777 (-μεῖσθαι)

685 2793 801 2854 eive
830 2790 1398 2869 αὖτονομουμένων.”
1484 2789 1796 2867 Spanhem.
1828 2790 1898 2849 de
1926 2789 2081 2849 Orbe
2110 2788 2390 2863 Roman0‚
2419 2810 2479 2868 p.
2512 2792 2649 2850 284.

766 2954 903 3014 592.
961 2925 1525 3032 Δασμοφορέω.
1612 2948 1918 3007 Trihutum
1945 2949 2142 3006 reddo.
2229 2946 2428 3006 Minus
2469 2954 2620 3007 recte
2649 2947 2887 3026 Etymo-

685 3038 851 3115 logus
876 3058 937 3114 p.
967 3039 1103 3103 249,
1124 3039 1224 3094 31.
1268 3036 1643 3113 δασμοφορεῖν
1669 3034 1915 3111 explicat
1941 3038 2134 3112 φόρους
2161 3033 2513 3110 λαμβάνειν.
2598 3034 2882 3094 Herodot.

687 3124 797 3183 VI.
821 3127 919 3183 48.
965 3127 1175 3182 ἄλλους
1204 3123 1263 3181 δὲ
1293 3129 1525 3201 κήρυκας
1554 3124 1826 3201 διέπεμπε
1855 3128 1912 3183 ἐς
1939 3132 2034 3185 τὰς
2057 3129 2264 3185 ἑωϋτοῦ
2284 3126 2658 3205 δασμοφόρους
2684 3128 2890 3185 πόλιας

689 3222 786 3275 τὰς
822 3219 1341 3291 παραθαλασσίους.
1425 3215 1571 3275 Vide
1601 3217 1727 3275 loca
1763 3218 1835 3275 ab
1872 3217 2028 3275 AEm.
2059 3218 2237 3277 Porto
2275 3216 2464 3287 citata,
2496 3216 2637 3275 Lex.
2670 3218 2798 3275 Ion.
2823 3217 2886 3275 in

687 3326 844 3365 voce.
889 3306 1100 3385 δασμός
1125 3307 1486 3386 peculiariter
1513 3308 1583 3366 de
1601 3308 1904 3366 Persarum
1932 3308 2162 3392 tributis
2188 3307 2343 3387 apud
2370 3316 2634 3367 auctores
2657 3308 2889 3368 Graecos

688 3398 955 3478 ponitur:
1002 3398 1119 3459 vid.
1151 3400 1420 3479 Xenoph.
1450 3398 1640 3459 Anab.
1674 3400 1726 3458 Ι.
1755 3398 1797 3458 i.
1828 3402 1886 3459 8.

770 3562 910 3620 593.
971 3533 1502 3621 Δεσπόσυνος.
1585 3556 1952 3635 Imperiosus.
2038 3558 2151 3615 Pro
2189 3556 2545 3616 substantivo
2581 3556 2732 3636 oepit
2768 3556 2890 3615 Ste-

689 3646 938 3723 phanus,
966 3651 1026 3702 et
1052 3648 1332 3719 ἀνάγκαις
1358 3645 1555 3704 eodem
1594 3664 1765 3703 sensu
1803 3665 1916 3723 quo
1943 3644 2034 3703 ὑπ’
2061 3646 2351 3720 ἀνάγκηςς
2395 3645 2646 3722 citatque
2671 3642 2892 3722 Tyrtaei

691 3737 1075 3813 fragmentum
1102 3736 1259 3811 apud
1289 3735 1533 3793 Pausan.
1557 3736 1666 3794 IV.
1698 3740 1790 3795 14.
1822 3736 1894 3794 de
1921 3736 2220 3795 Messeniis
2246 3736 2347 3815 qui
2375 3735 2670 3812 Spartanis
2697 3736 2893 3795 δεσπο-

694 3828 882 3885 σύνοις
923 3824 1203 3882 tributum
1247 3825 1521 3897 ferebant,
1556 3832 1780 3903 ”Ωσπερ
1825 3828 1946 3887 ὄνοι
1986 3830 2263 3906 μεγάλοις
2310 3832 2517 3907 ἄχθεσι
2559 3832 2890 3905 τειρόμενοι,

694 3918 1109 3976 Δεσποσὺνοισι
1154 3923 1414 3994 φέροντες
1462 3922 1780 3992 ἀναγκαίης
1828 3918 1933 3978 ὕπο
1984 3922 2199 3995 λυγρῆς
2243 3918 2454 3996 Ἢμίσυ
2498 3920 2665 3978 πάνθ’
2709 3920 2894 3978 ὄσσων

694 4010 906 4087 καρπὸν
948 4009 1158 4084 ἄρουρα
1192 4014 1365 4086 φέρει.
1452 4008 1564 4068 Sed
1599 4017 1839 4090 praestat
1877 4011 2304 4071 δεσποσύνοισιν
2339 4010 2615 4089 adjective
2652 4029 2892 4078 sumere,

695 4100 1135 4159 necessitatibus
1151 4119 1276 4176 quae
1296 4121 1332 4158 α
1349 4102 1591 4160 dominis
1605 4104 1995 4179 imponuntur.
2051 4100 2694 4181 Eurip.Androm.l3l.
2734 4107 2788 4160 τί
2808 4125 2898 4161 σοι

698 4198 900 4275 Καιρὸς
930 4199 1251 4273 ἀτυζομένα
1280 4195 1449 4274 δέμας
1479 4200 1734 4255 αἶκὲλιον
1762 4196 2126 4271 καταλείβειν
2156 4201 2462 4256 Δεσποτῶν
2490 4195 2805 4268 ἀνάγκης

777 4356 914 4415 598.
980 4330 1317 4433 Φυλακή.
1408 4353 1707 4412 Custodia.
1791 4352 2080 4431 Theognis
2106 4356 2246 4415 439.
2291 4356 2520 4422 Νήπως,
2547 4352 2605 4410 ὃ.
2631 4350 2731 4409 τὸν
2759 4350 2901 4427 ἐμὸν

693 4443 803 4521 μὲν
832 4444 959 4519 ἔχει
999 4443 1132 4499 νόον
1169 4442 1235 4499 ἐν
1270 4444 1568 4518 φυλακῆσι,
1609 4442 1726 4499 Τὸν
1756 4439 1802 4497 δ’
1829 4443 2001 4499 αὑτοῦ
2027 4446 2070 4515 †
2094 4441 2244 4499 ἰ’διον
2280 4441 2444 4499 οὐδὲν
2481 4442 2900 4514 ἐπιστρέφεται.

696 4531 790 4589 Sic
810 4535 875 4589 ἐν
896 4535 1117 4612 φυλακῇ
1138 4534 1316 4611 ἔχειν,
1340 4534 1690 4590 custoditum
1711 4550 1955 4601 servare,
1977 4532 2260 4591 Herodot.
2274 4532 2326 4590 I.
2340 4536 2436 4591 24.
2451 4530 2665 4589 Psalm.
2680 4528 2899 4589 CXLI.
