3282 5193
1293 472 1387 526 IN
1423 473 1735 527 PERSAs.
2470 451 2617 524 131

497 655 636 712 438.
694 626 743 676 *
766 628 1415 732 Τοσουτάριθμος.
1506 649 1695 711 Tanto
1722 657 1961 711 numero·
1980 656 2264 710 constans.

497 805 637 862 439.
679 776 1062 883 Ἐῤῥωγω
1151 771 1415 859 Βίςςίῑιιὶ.
1499 802 1775 876 Prot-api.
1865 796 2226 858 Praeteritum
2282 798 2535 858 medium
2582 820 2617 858 a

414 892 632 967 ρὠσω,
646 890 832 965 findo,
869 888 1040 946 verbo
1064 886 1356 946 inusitato.
1441 887 1816 947 Grammatici
1847 907 1889 946 a·
1919 890 2109 963 ρἠσω
2151 886 2406 956 ducunt;
2450 887 2616 965 eujus

415 983 600 1041 forma
628 979 824 1038 Ionica
858 986 980 1038 erat
1005 982 1221 1058 ῥὼσσω,
1253 979 1421 1038 sicuti
1448 982 1689 1039 πτώσσω
1717 979 1983 1039 dicebant
2008 998 2113 1056 pro
2140 982 2393 1047 πτήσσω.
2476 978 2621 1053 Ety-

416 1074 552 1132 mol.
578 1073 667 1129 M.
692 1092 752 1149 p.
779 1074 909 1140 130,
931 1074 1031 1129 54.
1072 1070 1320 1141 Ῥὡσσω,
1352 1073 1413 1131 τὸ
1445 1077 1648 1152 σχίζω.
1685 1073 1748 1131 τὸ
1776 1078 1997 1147 μέλλον
2022 1073 2194 1149 ῥὼξω.
2226 1070 2490 1152 ἀποβολῇ
2520 1075 2619 1129 τοῦ

415 1171 478 1231 ὦ,
507 1167 634 1243 ῥώξ,
666 1165 1024 1242 ἀπόῤῥηγμα,
1059 1168 1433 1242 ἀπόσπασμα.
1519 1164 1777 1243 Hesych.
1820 1165 2191 1241 Ἐῤῥὼγασιν.
2235 1166 2611 1241 ἐσχίσθησαν.

415 1259 774 1334 Ἐῤῥωγότες.
818 1254 1317 1331 διεσκορπισμένα,
1363 1257 1669 1315 διεστῶτες.
1755 1254 1870 1313 Sed
1911 1264 2152 1333 utraque
2188 1253 2376 1332 glossa
2420 1272 2620 1331 perpe-

416 1367 538 1406 ram
568 1346 864 1424 Hesychio
891 1346 1168 1404 adsuitur.
1251 1348 1346 1406 Ab
1375 1348 1570 1406 eadem
1599 1348 1777 1426 stirpe
1806 1356 1940 1407 sunt
1966 1349 2257 1424 ῥωγάλεος
2285 1353 2342 1404 et
2372 1346 2616 1422 ῥωγμός.

419 1437 586 1497 Iliad.
618 1444 696 1496 Ψ.
728 1440 888 1515 430.ἱ
947 1437 1202 1517 Ῥωχμός
1231 1441 1330 1509 ἔην
1362 1445 1548 1513 γαίης,
1577 1436 1921 1522 ᾗχειμέριον
1950 1440 2097 1500 ἀλὲν
2126 1439 2269 1516 ὕδωρ
2296 1439 2619 1515 Ἐξέῤῥηξεν

416 1529 586 1595 ὁδοῖο,
614 1528 835 1601 βάθυνε
873 1529 934 1587 δὲ
966 1535 1152 1607 χῶρον
1190 1534 1439 1590 ἅπαντα.
1482 1531 1583 1589 ubi
1627 1531 1821 1590 Schol.
1857 1532 2063 1590 Venet.
2110 1533 2139 1589 ὃ
2170 1530 2517 1607 Ἡρωδιανὸς
2553 1532 2619 1587 έν

418 1627 485 1701 τῇ
520 1626 671 1703 ἀρχῇ
707 1627 803 1681 τοῦ
837 1622 902 1692 ζ’,
945 1622 1036 1681 διὰ
1073 1628 1167 1682 τοῦ
1198 1632 1244 1698 57
1281 1628 1410 1699 φησὶ
1451 1627 1695 1702 ῥωγμός.
1734 1626 1955 1702 ῥωγμὸς
1992 1624 2054 1683 δέ
2095 1627 2217 1683 έστι
2254 1626 2418 1682 τόπος
2452 1645 2620 1699 κεχα·

415 1721 696 1791 ραγμένος
730 1714 837 1772 ὑπὸ
876 1713 1114 1791 ὀμβρίου
1141 1715 1358 1776 ὕδατος.
1443 1716 1620 1775 Recte
1650 1713 2052 1775 Herodianus:
2095 1715 2243 1773 Bion
2270 1714 2424 1793 apud
2454 1712 2617 1772 Stob-

419 1809 518 1866 29.
601 1806 697 1865 Ἐκ
739 1810 978 1882 θαμινᾶς
1017 1809 1394 1885 ῥαθάμιγγος,
1439 1807 1576 1866 ὅκως
1617 1812 1810 1883 λόγος,
1854 1809 1983 1866 αἰὲν
2026 1812 2202 1867 ἷοίσας
2243 1810 2331 1865 xe.
2367 1810 2520 1864 λίθος
2563 1806 2622 1862 ἐς

417 1898 651 1973 ῥωγμὸν
681 1904 1044 1957 κοιλαίνεται.
1086 1899 1188 1957 ubi
1222 1899 1370 1957 male
1407 1899 1820 1957 Wakefieldius
1846 1902 2094 1977 ῥωχμόν.
2182 1896 2448 1975 Sophocl.
2482 1893 2618 1953 OEd.

418 1988 492 2045 T.
520 1991 692 2047 1280.
735 1990 868 2048 Tc'13’
891 1994 952 2049 ἐκ
973 1990 1128 2049 δυοῖν
1151 1993 1418 2067 ἔῤῥωγεν,
1443 1995 1552 2067 οὐχ
1575 1993 1695 2049 ένός
1719 1995 1912 2068 μόνου.
1952 1990 2221 2048 Trachin.
2244 1992 2379 2047 854.
2411 1990 2623 2066 ”Εῤῥω-

422 2104 531 2152 γεν
558 2081 724 2154 παγαῖ
752 2080 1018 2156 δακρύων.
1060 2081 1260 2158 Eurip.
1294 2080 1537 2158 Hippol.
1575 2083 1746 2139 1388.
1813 2083 2089 2140 Μάλιστα
2119 2082 2228 2156 μὲν
2261 2086 2362 2138 νῦν
2392 2104 2480 2138 σοι
2509 2078 2625 2139 τάδ’

421 2173 672 2249 ἔῤῥωγεν
701 2172 858 2232 κακά.
901 2172 1003 2231 ubi
1028 2172 1144 2231 vid.
1174 2172 1661 2242 Valckenaerium,
1687 2173 1784 2253 qui
1809 2193 2006 2232 vocem
2034 2193 2068 2232 a
2092 2176 2282 2250 ῥὴσσω
2310 2170 2562 2232 deducit.

501 2328 643 2385 443.
697 2303 1194 2401 Ἀντισηκόᾰλ
1278 2327 1372 2384 Ex
1419 2346 1579 2402 aequo
1625 2326 1856 2384 librari.
1941 2326 2102 2385 Suffl.
2164 2327 2618 2399 Ἀντισηκοῦντα.

421 2416 779 2486 έξισάζοντα,
837 2418 1313 2490 ζυγοστατοῦντα.
1399 2413 1656 2492 Hesych.
1742 2418 2031 2491 Σηκωτὴρ.
2074 2418 2103 2473 ὁ
2161 2414 2472 2491 ἀναφορεῦς
2526 2421 2625 2475 τοῦ

422 2510 622 2582 ζυγοῦ.
704 2505 906 2584 Eurip.
938 2506 1165 2565 Hecub.
1198 2508 1296 2569 57.
1340 2504 1726 2576 ἂντισηκώσας
1764 2505 1824 2564 δέ
1861 2530 1927 2565 σε
1960 2511 2183 2582 Φθείρει
2220 2510 2368 2567 θεῶν
2406 2532 2487 2567 τις
2526 2511 2624 2577 τῆς

421 2600 638 2676 πάροιθ’
665 2601 984 2676 εὐπραξίας.
1069 2598 1350 2657 Herodot.
1376 2599 1482 2656 IV.
1507 2601 1605 2657 50.
1650 2602 2047 2677 ἀντιτιθέμενα
2072 2599 2138 2658 δὲ
2169 2605 2363 2671 ταῦτα,
2394 2603 2623 2669 άντισὴ·

423 2715 583 2751 κωσις
614 2699 854 2766 γίνεται,
886 2696 1024 2750 ὥστε
1046 2693 1175 2750 ’low
1196 2716 1293 2768 μιν
1315 2695 1429 2749 αἰεὶ
1449 2697 1753 2769 φαίνεσθαι
1771 2693 1969 2750 ἐόντα.
2014 2692 2253 2751 Lucian.
2272 2692 2621 2770 Tragoedop.

423 2782 545 2841 ῙῙῙ.
575 2804 636 2862 p.
667 2785 806 2842 658.
834 2789 906 2865 τῇ
929 2783 990 2840 δὲ
1021 2788 1089 2865 σῇ
1108 2781 1615 2859 προθυμίᾳἼσαισι
1637 2790 1821 2858 τιμαῖς
1849 2784 2207 2852 ἅντισηκώσω
2235 2786 2429 2861 χάριν.
2475 2783 2624 2841 Hoee

419 2874 663 2933 contulit
700 2875 955 2952 Lennep.
999 2874 1072 2932 ad
1106 2873 1334 2932 Phalar.
1376 2895 1437 2951 p.
1481 2875 1613 2936 187.
1702 2881 1739 2906 “
1759 2873 2064 2956 Eleganter
2109 2892 2177 2932 eo
2224 2873 2399 2932 verbo
2439 2872 2625 2931 utitur

422 2966 826 3045 HippocrateS,
861 2973 920 3024 et
956 2965 1196 3042 figurate
1228 2985 1334 3043 pro
1367 2965 1611 3032 reficere,
1649 2972 1707 3023 et
1740 2965 1933 3023 eibum
1966 2964 2325 3042 deperditum
2352 2983 2624 3043 reponere

419 3077 487 3116 ac
522 3057 828 3136 rependere
866 3077 927 3135 p.
955 3058 1054 3126 60,
1086 3057 1367 3116 3Ῑ.-τόν
1398 3058 1510 3135 μὲν
1545 3053 1649 3115 οὖν
1684 3057 1831 3134 παρά
1864 3058 1927 3116 τὸ
1966 3057 2088 3116 ἔθος
2125 3061 2620 3133 κενεαγγὴσαντα,

420 3151 679 3228 ξυμφέρει
706 3150 912 3220 ταῦτην
939 3153 1042 3218 τὴν
1074 3153 1286 3226 ἡμέραν
1314 3149 1755 3219 ἀντισηκῶσαι.”
1842 3147 2109 3216 FOESIUS‚
2142 3149 2444 3208 OEconom.
2476 3147 2624 3225 Hip-

419 3259 577 3318 pocr.
607 3241 669 3299 in
692 3260 849 3300 voce.
934 3240 1068 3300 vid.
1095 3241 1360 3319 Scaliger.
1387 3241 1560 3320 Conj.
1589 3241 1650 3299 in
1677 3241 1843 3298 Varr.
1873 3261 1934 3317 p.
1972 3243 2103 3300 193.

499 3409 657 3467 nid.
699 3385 967 3486 Ῥοπῆ.
1056 3405 1191 3465 vid.
1217 3425 1389 3484 supra
1413 3409 1551 3465 352.

501 3544 641 3601 446.
701 3518 1088 3598 Μάσσων.
1175 3542 1393 3618 Major.
1473 3540 1634 3599 Infra
1658 3542 1793 3603 714.
1865 3541 2002 3599 Non
2025 3540 2229 3601 Dorice
2256 3562 2362 3622 pro
2386 3548 2621 3624 μείζων,

422 3628 580 3717 qued
607 3627 725 3686 dixi
751 3628 825 3686 ad
846 3627 1140 3686 Prometh.
1160 3631 1298 3687 440.
1327 3693 1336 3700 ,
1369 3628 1551 3686 Vetus
1578 3627 1763 3686 forma
1788 3629 2303 3708 comparativorum
2333 3634 2617 3700 ἐλάσσων,

421 3722 670 3789 θάσσων,
700 3720 895 3778 ὅσσων
923 3717 1217 3778 notissima
1242 3727 1349 3778 est.
1430 3719 1705 3794 βράσσων
1737 3738 1841 3798 pro
1880 3719 2133 3796 βραδέων
2179 3723 2347 3782 Iliad.
2380 3731 2449 3782 K.
2482 3727 2621 3784 226.

424 3813 692 3887 γλῦσσων
721 3831 756 3870 a
784 3809 990 3886 γλυκῦς
1016 3811 1430 3890 Aristophanes
1458 3811 1613 3890 apud
1640 3811 1894 3890 Etymol.
1926 3812 2015 3870 M.
2046 3833 2106 3891 p.
2140 3817 2275 3873 235.
2318 3815 2563 3890 βάσσων
2591 3836 2626 3874 a

419 3902 599 3977 βαθῦς
643 3903 1022 3980 Epicharmus
1056 3902 1194 3961 ibid.
1235 3923 1297 3981 p.
1343 3907 1475 3964 191.
1558 3905 1798 3962 πάσσων
1840 3924 1875 3962 a
1916 3904 2105 3985 παχύς
2146 3906 2481 3966 callimach.
2526 3907 2623 3967 Fr.

423 3994 802 4054 CCCXLIX.
850 3993 1001 4052 Mihi
1027 4002 1386 4072 compertum
1408 4002 1494 4052 est
1519 3997 1759 4073 μάσσων
1788 3997 1860 4055 ab
1889 3997 2125 4075 antiquo
2152 3997 2430 4076 adjectivo
2451 3998 2627 4076 μακύς

420 4086 778 4164 profluxisse,
808 4085 971 4164 cujus
997 4085 1168 4144 etiam
1189 4085 1400 4162 gradus
1427 4087 1805 4165 superlativus
1831 4089 2095 4165 μάκιστος
2124 4096 2347 4147 exstat:
2378 4097 2445 4147 ut
2472 4091 2624 4148 enim

418 4178 594 4253 βάθος
634 4185 692 4236 et
724 4177 924 4252 βαθύς,
971 4177 1142 4256 τάχος
1173 4184 1233 4236 et
1270 4180 1460 4256 ταχύς,
1500 4183 1733 4253 γλεῦκος
1767 4187 1826 4238 et
1856 4182 2083 4255 γλυκύς,
2122 4179 2202 4239 sic
2234 4181 2408 4240 etiam
2450 4184 2626 4258 μᾶκος

421 4269 511 4327 vel
540 4274 710 4348 μῆκος
751 4279 812 4328 et
853 4269 1026 4347 μακῦς
1065 4269 1365 4347 aliquando
1400 4270 1462 4340 in
1498 4290 1608 4329 usu
1639 4270 1816 4342 fuere,
1857 4291 2100 4350 quorum
2132 4270 2275 4330 illud
2312 4271 2623 4332 etiamnum

422 4361 720 4436 reperitur.
803 4361 858 4420 A
885 4366 1052 4439 μᾶκος
1079 4361 1388 4419 formatum
1422 4369 1510 4420 est
1533 4366 1789 4439 μακερός,
1822 4363 1975 4440 quod
2002 4368 2291 4421 contracte
2318 4363 2625 4425 efferebant

424 4456 666 4529 μακρός;
709 4461 776 4511 ut
811 4473 846 4511 a
881 4460 1085 4531 μεῖκος,
1129 4456 1398 4529 μεικερός,
1439 4455 1699 4532 μεικρόςε
1744 4473 1846 4533 per
1878 4453 2304 4532 diphthongum
2342 4455 2492 4514 enim
2520 4456 2625 4515 has

425 4559 592 4602 voees
618 4543 753 4601 olim
783 4544 958 4603 elatas
985 4544 1161 4604 tuisse
1194 4551 1418 4603 constat
1446 4564 1514 4603 ex
1546 4547 1931 4623 comparativo
1958 4551 2154 4623 μείων.
2240 4544 2353 4604 Sed
2379 4546 2525 4616 haee,
2558 4548 2627 4607 de

2171 4637 2230 4695 K
2251 4642 2286 4695 2
2573 4636 2591 4656 ⁰
