3282 5193
1280 447 1373 500 IN
1409 446 1722 501 PERsAS.
2457 429 2609 504 143

403 627 461 696 3.
493 629 641 694 θοῦ,
676 625 862 702 Κῦριε,
904 630 1159 704 φυλακὴν
1194 629 1271 704 τῷ
1300 629 1540 703 στόματί
1573 651 1701 704 μου,
1733 631 1826 685 καὶ
1856 628 2034 702 θύραν
2065 630 2336 705 περιοχῆς
2373 631 2498 706 περὶ
2535 635 2605 688 τὰ

402 722 574 796 χείλη
598 741 726 795 μου.
810 716 899 775 De
925 717 1210 776 locutione
1248 719 1521 796 ἐλεύθερα
1547 718 1756 792 βάζειν
1783 715 1900 776 vid.
1933 718 2186 777 Glossar.
2215 719 2273 789 in
2304 719 2600 779 Prometh.

412 811 541 872 187.
625 808 833 868 Juven.
866 808 971 867 IV.
1006 813 1101 869 91.
1145 829 1247 867 nec
1282 812 1421 868 civis
1457 817 1608 880 erat,
1649 812 1746 887 qui
1782 811 1967 868 libera
1994 817 2194 886 posset
2224 811 2397 869 verba
2429 813 2608 870 animi

392 901 683 975 proferre,
715 906 776 958 et
801 902 979 958 vitam
1006 903 1330 976 impendere
1355 922 1506 961 vero.

486 1046 621 1103 602.
689 1023 1241 1124 Περίκλυστος.
1332 1045 1725 1122 Circumfluus.
1816 1045 1998 1104 Sensu
2039 1043 2298 1123 passivo3
2354 1052 2421 1104 ut
2455 1043 2606 1103 infra

406 1133 543 1190 883.
616 1150 687 1188 ex
728 1130 1036 1189 Homerico
1076 1133 1421 1208 περίῤῥυτος.
1522 1130 1825 1190 Homerid.
1871 1131 2094 1208 Hymn.
2137 1131 2198 1188 in
2238 1130 2432 1210 Apoll.
2469 1134 2602 1191 181.

406 1226 619 1290 Δὴλοιο
647 1218 1028 1293 περικλύστης.
1111 1223 1418 1300 Ephippus
1439 1243 1533 1300 ap.
1555 1224 1769 1282 Athen.
1789 1222 1967 1280 VIII.
1985 1243 2047 1299 p.
2073 1223 2211 1280 346.
2233 1222 2301 1280 F.
2332 1228 2426 1294 τῆς
2454 1247 2606 1299 περι·

406 1314 643 1374 κλύστου
671 1314 715 1373 δ’
742 1317 912 1372 ἁλίας
941 1317 1176 1391 Κρήτης.
1249 1314 1337 1372 De
1358 1313 1630 1372 feminina
1657 1313 1840 1372 forma
1862 1312 2202 1386 περικλύστα
2224 1312 2338 1371 vid.
2365 1313 2602 1372 Porson.

406 1403 478 1462 ad
505 1403 708 1481 Eurip.
733 1403 894 1463 Med.
918 1407 1057 1464 8⁴22.
1126 1404 1264 1463 Non
1284 1411 1507 1463 constat
1528 1404 1635 1462 sibi
1652 1403 1998 1482 AEschyluS,
1984 1428 1996 1441 ·
2029 1423 2162 1461 nam
2190 1423 2362 1482 supra
2389 1403 2611 1463 dixerat

406 1498 711 1570 ἀπόρθητος
740 1499 925 1554 πόλις.
1009 1495 1278 1554 Ceterum
1310 1495 1670 1554 Simonides
1653 1515 1715 1552 m
1743 1494 1941 1572 Epigr.
1973 1515 2066 1571 ap.
2098 1493 2396 1553 Plutarch.
2419 1495 2491 1553 T.
2517 1495 2604 1554 II.

406 1606 467 1664 p.
499 1587 636 1650 870.
672 1587 742 1645 Ε.
785 1587 855 1646 de
896 1587 1209 1646 Corinthiis
1252 1587 1351 1666 qui
1389 1606 1586 1666 pugna
1625 1586 1912 1646 Salamina
1945 1584 2372 1656 interciderunt,
2415 1591 2535 1647 Νῦν
2563 1588 2610 1646 δ’

406 1678 541 1758 ἄμμ’
569 1681 808 1738 Αιαντος
837 1683 1008 1739 νᾶσος
1036 1683 1159 1759 ἔχει
1192 1680 1415 1758 Σάλαμι
1402 1702 1467 1737 ις.

488 1824 625 1886 607.
684 1803 1001 1906 Εὖροεῖν
1030 1824 1238 1883 dieitur
1264 1823 1511 1892 fortuna,
1541 1842 1721 1900 quum
1751 1840 1839 1880 res
1868 1823 1952 1879 ad
1972 1823 2325 1881 voluntatem
2351 1831 2610 1884 nostram

389 1913 610 1986 fluunt,
654 1910 991 1987 metaphora
1036 1920 1236 1988 postea
1276 1931 1311 1968 a
1351 1909 1555 1968 Stoicis
1596 1908 1909 1986 saepissime
1949 1907 2226 1968 adhibita.
2312 1911 2465 1970 Zeno
2509 1933 2602 1991 ap.

410 2000 570 2058 Stob.
602 2000 798 2078 Eclog.
832 2001 918 2059 II.
946 2021 1007 2079 p.
1046 2004 1175 2060 138.
1207 2001 1297 2059 ed.
1328 2002 1579 2059 Heeren.
1624 2002 1957 2077 εὔδαιμονία
1986 1999 2032 2057 δ’
2056 2003 2212 2059 ἐστὶν
2241 2001 2427 2078 εὔροια
2454 2001 2604 2077 βίου.

411 2090 775 2169 Phrynichus
801 2090 1081 2170 Apparat.
1115 2091 1370 2170 Sophist.
1400 2112 1461 2169 p.
1494 2093 1591 2151 29.
1679 2097 1814 2150 Βίου
1843 2089 2051 2168 εὔροια.
2095 2095 2129 2162 ἦ
2158 2092 2488 2170 εὔδαιμονία
2516 2097 2609 2152 καὶ

406 2185 665 2260 εὐτυχία,
695 2187 845 2259 παρὰ
872 2183 934 2240 τὸ
965 2182 1144 2241 καλῶς
1168 2185 1293 2261 ῥεῖν
1321 2183 1419 2240 τὸν
1446 2181 1603 2256 βίον.
1659 2181 1793 2240 Vid.
1821 2182 2093 2241 Gataker.
2118 2183 2189 2242 ad
2214 2184 2302 2242 M.
2327 2183 2606 2246 Antonin.

412 2273 498 2331 ΙΙ.
526 2277 583 2332 5.
607 2293 667 2351 p.
696 2277 791 2333 59.
834 2272 1206 2333 Valckenaer.
1226 2273 1301 2332 ad
1323 2272 1515 2332 Sehol.
1538 2273 1599 2331 in
1619 2273 1822 2350 Eurip.
1844 2273 2128 2332 Phoeniss.
2148 2295 2209 2353 p.
2229 2278 2327 2335 49.
2373 2274 2607 2336 Pindar.

408 2364 506 2424 Ol.
551 2364 637 2423 II.
683 2368 781 2424 62.
834 2369 962 2445 ῥοαὶ
1003 2365 1049 2424 δ’
1080 2365 1275 2426 ἄλλοτ’
1314 2367 1500 2424 ἄλλαι
1543 2369 1835 2445 Εὖθυμαῖν
1879 2390 1942 2424 τε
1983 2372 2129 2440 μέτα
2174 2369 2263 2424 καὶ
2307 2355 2510 2428 Πόνων
2553 2371 2612 2428 ἐς

409 2455 613 2529 ἄνδρας
661 2456 831 2530 ἔβαν.
917 2457 1193 2520 Menand.
1231 2477 1326 2534 ap.
1370 2457 1531 2516 Stob.
1564 2456 1692 2516 CV.
1721 2477 1780 2535 p.
1813 2459 1952 2520 437.
2016 2458 2095 2515 Τὸ
2136 2463 2228 2528 τῆς
2269 2459 2461 2537 Τίιχης
2502 2465 2614 2537 γὰρ

407 2553 586 2629 ῥεῦμα
611 2555 951 2629 μεταπίπτει
977 2550 1148 2630 ταχύ.
1234 2548 1467 2609 Sallust.
1499 2547 1571 2609 B.
1603 2548 1664 2609 J.
1695 2552 1752 2608 4.
1797 2549 1991 2608 Rebus
2015 2567 2194 2625 supra
2224 2555 2614 2629 votumfluen-

290 2648 301 2655 '
415 2644 591 2703 tibus.

496 2792 631 2849 608.
689 2764 1011 2869 Οὖρίζω.
1085 2788 1342 2845 Secundo
1345 2791 1507 2864 flatu
1527 2788 1812 2863 propello.
1883 2786 2022 2845 vid.
2047 2796 2249 2858 notas;
2280 2795 2339 2847 et
2360 2788 2614 2850 Glossar.

413 2875 474 2935 in
499 2876 684 2936 Theb.
718 2876 855 2936 687.
898 2876 1038 2933 item
1068 2874 1363 2950 Musgrav.
1394 2873 1467 2931 ad
1498 2873 1769 2951 Sophocl.
1800 2872 1936 2932 OEd.
1967 2874 2038 2932 T.
2074 2876 2210 2938 714.

495 3030 633 3087 610.
686 3005 1056 3089 'Am-aibr.
1132 3027 1441 3085 Adversum.
1514 3025 1774 3103 Hesych.
1814 3030 2074 3085 Ἀνταία.
2106 3029 2361 3098 ἐναντία,
2393 3029 2616 3089 ἱκέσιος.

417 3115 701 3194 Αἰσχύλος
744 3116 1140 3199 Σεμέλῃ-καὶ
1179 3119 1284 3183 τὴν
1322 3112 1563 3182 Ἑκάτην
1603 3111 1668 3170 δὲ
1707 3115 1982 3174 Ἀνταίαν
2008 3118 2313 3189 λέγουσιν,
2360 3116 2476 3175 ἀπὸ
2519 3121 2618 3177 τοῦ

415 3211 755 3287 ἐπιπέμπειν
807 3208 998 3267 ἅντια.
1100 3204 1283 3273 Idem,
1340 3205 1623 3273 Ἀνταίας,
1681 3210 1980 3282 πολεμίας,
2037 3209 2267 3285 ἐχθρᾶς.
2332 3212 2616 3287 Σοφοκλῆς

416 3300 693 3379 Πολυίδῳ.
792 3299 866 3357 In
911 3296 1209 3376 Sophoclis
1252 3294 1713 3373 Clytaemnestrae
1754 3296 2078 3375 fragmento
2117 3316 2212 3375 ap.
2255 3298 2614 3369 Erotianum‚

414 3410 522 3469 pro
546 3386 751 3452 ἄντεον
775 3389 1085 3467 legendum
1110 3390 1369 3445 ἅνταῖον.

500 3543 637 3599 611.
698 3516 1091 3601 Παιώνιος.
1175 3539 1567 3598 Μειῖίοαόίῑίς.
1609 3557 1729 3595 non
1766 3556 1898 3596 vero
1931 3538 2223 3607 Poeanius,
2267 3536 2356 3597 uti
2391 3544 2621 3597 vertunt

420 3627 702 3686 Stanleius
729 3634 787 3686 et
815 3625 1137 3686 SchutziuS.
1182 3625 1375 3685 Schol.
1399 3629 1465 3683 οὐ
1485 3626 1768 3694 παιώνιος,
1792 3627 1948 3682 ἀλλὰ
1971 3627 2280 3703 φθαρτικός.
2330 3623 2615 3703 (Anglice,

419 3739 491 3777 no
509 3719 773 3795 sootkiny
792 3716 1023 3794 mund.)
1113 3717 1369 3796 Hesych.
1404 3718 1689 3777 Παιώνιον
1712 3718 2024 3795 φάρμακον,
2048 3722 2373 3776 καταπαῦον
2395 3717 2618 3777 ὀδὺνας.

419 3809 626 3889 Agam.
658 3812 796 3872 849.
840 3811 1147 3889 φαρμάκων
1181 3816 1491 3870 παιωνίων.
1582 3812 1755 3868 1200.
1800 3812 1912 3867 Καὶ
1948 3814 2064 3868 πῶς
2101 3811 2175 3868 ἂν
2210 3810 2371 3887 ὅρκου
2414 3819 2617 3889 πῆγμα

422 3907 700 3977 γενναίως
735 3905 927 3978 παγὲν
966 3910 1079 3961 Παι
1085 3904 1253 3962 ὢνιον
1291 3909 1548 3978 γένοιτος
1595 3900 1799 3979 Suppl.
1837 3902 2011 3960 1064.
2055 3904 2214 3979 Χειρὶ
2244 3906 2489 3978 παιωνίᾳ
2524 3924 2620 3960 κα-

380 4056 385 4059 ,
420 3996 741 4072 τασχεθὼν.
839 3994 1053 4053 Noster
1095 3994 1281 4073 Mysis
1322 3994 1479 4073 apud
1532 3992 1807 4051 Photium
1861 3999 1920 4049 et
1969 3991 2130 4050 Suid.
2175 4012 2232 4050 v.
2281 3995 2618 4067 Ὀργεωνες.

422 4089 688 4163 Ποταμοῦ
731 4090 941 4145 Kainoi?
981 4108 1149 4165 χαιρε
1194 4108 1403 4163 πρωτος
1447 4086 1686 4161 ὄργεων,
1737 4083 1954 4161 Εὕχαῒς
1999 4083 2060 4140 δὲ
2105 4084 2296 4149 σωζοις
2345 4081 2618 4143 δεσπότας

423 4183 740 4236 παιωνίαις.

504 4332 643 4389 614.
699 4306 979 4409 Χλιδή.
1062 4330 1276 4387 Luxus.
1358 4329 1667 4387 Mollitia.
1751 4326 1887 4385 vid.
1924 4325 2178 4385 Glossar.
2219 4324 2282 4383 in
2322 4324 2618 4386 Prometh.

424 4419 563 4475 445.
635 4418 905 4476 Ceterum
926 4435 997 4474 ex
1015 4414 1127 4474 hoc
1151 4416 1277 4474 loeo
1303 4421 1463 4493 patet
1482 4413 1752 4473 Atossam
1779 4419 1910 4492 post
1931 4410 2218 4471 Parodum
2239 4410 2348 4491 (ad
2365 4432 2421 4472 v.
2453 4412 2620 4492 160.)

422 4506 485 4565 in
512 4526 735 4567 scenam
762 4526 935 4568 curru
957 4504 1313 4567 insistentem
1338 4504 1635 4583 prodiisse.
1663 4540 1668 4543 -
