3282 5193
1305 452 1742 508 PRAEFArio.
2602 436 2682 508 xi

379 634 472 706 iis
506 633 589 705 in
623 630 772 704 isto
795 631 996 704 bello
1025 633 1296 728 gestas,
1329 632 1783 731 simpliciter.
1800 636 1878 707 et
1914 632 2076 706 sine
2101 633 2277 707 fuco
2310 637 2677 708 narraret.

344 743 848 854 ‘Magnopere
891 779 1070 830 vero
1113 754 1350 829 miror
1390 756 1754 855 cuiquam
1768 759 1809 803 ’Κ
1864 759 1949 831 in
1982 760 2325 832 mentem
2358 758 2676 848 venisse,

381 881 735 980 AEschylo
774 880 1252 980 propositum
1296 881 1531 955 fuisse
1570 884 1662 955 ut
1704 883 2136 957 ostenderet
2178 881 2471 957 cladem
2505 883 2682 957 Per-

381 1030 640 1080 sarum
690 1008 938 1079 ortam
979 1028 1142 1078 esse
1187 1028 1230 1077 e
1269 1005 1508 1078 nimia
1549 1030 1817 1079 eorum
1855 1006 2134 1081 fiducia
2176 1031 2264 1082 ac
2306 1006 2680 1103 superbia,

382 1153 429 1202 a
479 1129 622 1202 diis
681 1128 953 1201 merito
1005 1127 1418 1226 castigatis.
1525 1130 1762 1203 Nihil
1797 1132 1955 1205 tale
2010 1129 2383 1228 cogitarat
2435 1132 2684 1228 poeta,

383 1253 518 1348 qui
569 1252 876 1324 nullum
934 1252 1174 1324 alium
1235 1252 1379 1325 sibi
1431 1249 1668 1326 finem
1721 1256 2242 1351 proposuerat,
2307 1276 2541 1350 quam
2591 1257 2683 1327 ut

383 1376 628 1452 avidae
683 1375 1274 1449 Atheniensium
1330 1378 1696 1473 φιλοδοξίᾳ
1760 1377 2341 1474 gratificaretur,
2402 1377 2685 1474 populo

383 1503 474 1574 ut
506 1502 837 1598 placeret
873 1525 1103 1598 quam
1136 1501 1437 1576 fecisset
1470 1501 1838 1589 fabulam,
1888 1504 1966 1576 et
2014 1503 2122 1577 810
2176 1504 2267 1575 ut
2314 1501 2685 1576 ἀντ-«διδασ-

385 1629 627 1702 κάλους
679 1601 1037 1699 uinceret.
1145 1608 1400 1716 Quare
1453 1626 1652 1698 nihil
1706 1626 1940 1715 aliud,
1986 1629 2079 1700 ut
2132 1625 2330 1699 mihi
2380 1625 2689 1722 quidem

383 1749 707 1837 videtur,
745 1749 1100 1846 AEschylo
1135 1750 1517 1847 agendum
1555 1750 1915 1839 restabat,
1956 1774 2189 1848 quam
2221 1753 2313 1824 ut
2346 1774 2509 1824 rem
2545 1749 2689 1823 sibi

382 1873 851 1972 propositam
917 1874 1382 1972 simpliciter,
1443 1877 1825 1972 quantum
1876 1875 1973 1948 ad
2024 1875 2403 1949 actionem
2451 1875 2687 1974 perti-

383 2000 620 2085 neret,
657 1997 1059 2095 magnifice
1109 2001 1489 2095 quantum
1539 1999 1636 2072 ad
1680 1999 2051 2096 imagines
2104 1998 2686 2099 dictionemque,

385 2122 770 2194 tractaret.
879 2120 979 2192 In
1036 2144 1187 2217 quo
1244 2120 1699 2219 perficiendo
1754 2123 1873 2194 ter
1925 2123 2236 2196 tantum
2293 2126 2561 2198 contra
2612 2124 2693 2198 id

389 2224 592 2339 quod
663 2242 1074 2318 verisimile
1157 2245 1307 2318 fuit
1391 2247 1834 2343 peccantem
1918 2269 2098 2318 eum
2183 2247 2686 2344 deprehendi:

385 2367 655 2465 primO,
721 2368 925 2464 quod
984 2367 1184 2442 circa
1247 2369 1547 2465 prologi
1613 2369 1929 2441 initium
1997 2369 2295 2443 Chorus
2362 2372 2694 2446 testatur

386 2492 693 2565 nullum
727 2493 821 2565 ab
857 2493 1197 2567 exercitu
1227 2493 1602 2567 nuncium
1647 2493 1840 2566 Susa
1872 2492 2343 2591 pervenisse3
2401 2493 2692 2586 deinde,

390 2619 593 2716 quod
625 2619 844 2692 Darii
875 2619 1150 2691 umbra
1181 2619 1488 2715 penitus
1522 2619 1828 2716 ignorat
1856 2620 2103 2717 qualis
2140 2620 2240 2694 sit
2264 2619 2414 2693 ista
2446 2621 2694 2697 clades

392 2768 564 2841 quae
616 2745 1025 2817 Persarum
1077 2745 1386 2839 gentem
1436 2744 1752 2831 afflixit3
1808 2747 1885 2818 et
1931 2748 2193 2819 tamen
2225 2744 2487 2843 paucis
2520 2752 2695 2844 post

387 2869 728 2943 versibus
796 2869 1061 2940 narrat
1130 2868 1507 2963 quomodo
1574 2869 1857 2942 Xerxis
1934 2871 2311 2944 exercitus
2380 2870 2695 2945 delubra

390 2993 730 3066 Deorum
799 2989 1196 3088 disjecerit,
1253 2990 1645 3087 ipsiusque
1712 2992 1993 3066 Xerxis
2050 2992 2387 3067 absentis
2446 2996 2695 3069 vestes

389 3116 676 3190 laceras
710 3115 1108 3202 describit3
1163 3138 1387 3214 porro
1441 3116 1645 3213 quod
1688 3116 1984 3191 Chorus
2032 3118 2124 3192 de
2169 3119 2405 3193 Dario
2454 3118 2693 3216 loqui-

391 3244 544 3326 tur,
585 3239 803 3336 quasi
834 3263 1236 3338 nunquam
1277 3240 1363 3313 in
1403 3241 2011 3340 expeditionibus
2060 3242 2351 3317 bellicis
2385 3244 2697 3317 fortuna

392 3362 646 3437 minus
697 3388 1054 3462 prospera
1105 3388 1290 3437 usus
1336 3367 1553 3440 esset.
1662 3366 1887 3455 Quod
1918 3391 2096 3442 vero
2150 3368 2420 3441 Persas
2473 3367 2695 3442 sacri-

391 3488 582 3563 ficiis
633 3488 916 3563 Graecis
961 3492 1266 3564 utentes
1319 3490 1625 3564 induxit
1669 3492 1917 3587 poeta,
1972 3491 2054 3564 id
2108 3516 2202 3564 ex
2245 3492 2697 3566 necessitate

393 3610 506 3683 rei
557 3611 891 3699 factum3
947 3614 1025 3686 et
1082 3638 1240 3687 non
1297 3617 1414 3688 est
1469 3638 1556 3688 eo
1623 3614 1933 3688 nomine
2001 3615 2446 3714 culpandus.
2551 3616 2697 3689 Est

394 3736 655 3809 autem
703 3736 1101 3811 fatendum
1152 3738 1596 3837 AEschylum
1655 3739 1739 3811 in
1793 3740 2201 3814 Persarum
2255 3740 2495 3815 exodo
2562 3739 2694 3813 ali-

397 3862 774 3955 quantum
809 3884 854 3934 a
888 3861 1260 3959 dignitate
1292 3861 1688 3958 tragoediae
1724 3862 2140 3937 descivisse.
2209 3863 2455 3938 Valde
2489 3862 2695 3937 enim

392 3983 714 4058 ridicula
747 3988 863 4058 est
897 3985 1178 4059 Xerxis
1210 4008 1531 4083 persona
1566 4010 1745 4059 cum
1783 3986 2139 4061 lamentis
2176 3986 2355 4076 81118,
2393 3990 2482 4062 et'
2502 3988 2694 4060 lace-

396 4109 500 4181 ris
533 4110 832 4207 panniS‚
869 4114 946 4183 et
980 4132 1221 4184 vacua
1263 4110 1665 4207 pharetra:
1722 4111 1851 4184 sed
1882 4110 2111 4209 longe
2143 4112 2387 4208 magis
2420 4110 2693 4183 ridicu-

479 4409 514 4447 *
558 4410 839 4469 Wieland,
896 4409 954 4469 in
1009 4410 1297 4472 Prooemio
1344 4410 1417 4470 ad
1465 4430 1628 4471 suam
1674 4411 1972 4469 Persarum
2014 4409 2327 4470 versionem
2376 4378 2593 4472 editam
2635 4414 2693 4471 in

401 4502 608 4565 Museo
636 4505 850 4576 Attico,
865 4507 1044 4585 „Lips.
1084 4509 1104 4563 l
1119 4508 1255 4565 802.
