3282 5193
1298 433 1391 488 m
1428 433 1741 489 rnnsAS.
2482 414 2632 487 169

416 620 805 671 numeratum.
891 611 1083 670 Schol.
1128 617 1268 670 κατὰ
1296 618 1469 673 πέντε
1496 615 1820 691 ἀριθμήσει.
1900 611 2158 690 Etymol.
2190 611 2282 670 M.
2311 631 2373 689 p.
2399 611 2538 682 660,
2567 613 2628 671 3.

416 707 835 784 πεμπάσσεται.
878 704 994 762 ἀπὸ
1031 707 1129 763 τοῦ
1170 706 1466 781 πεμπάζω·
1516 703 1603 781 (l.
1634 705 1749 763 ἀπὸ
1777 709 1876 763 τοῦ
1903 705 2241 780 πεμπάζειν,
2271 703 2329 781 ὃ)
2363 709 2630 780 σημαίνει

420 797 484 855 τὸ
512 795 763 854 διελθεῖν
790 797 933 852 acal·
908 799 1227 870 ερευνῆσαι·
1269 799 1405 856 ἴσως
1434 798 1549 855 ἀπὸ
1576 803 1674 855 τοῦ
1703 801 1926 874 πέμπω.
1993 800 2261 855 Αἰολικως
2288 795 2366 864 δέ,
2395 798 2458 856 τὸ
2488 802 2628 854 κατὰ

420 893 595 946 πέντε
635 890 992 964 ἀριθμήσειν,
1024 886 1126 945 ubi
1165 885 1471 965 legendum
1518 894 1844 967 ἀριθμῆσαι.
1932 888 2146 947 Noster
2191 888 2435 946 Eumen.
2465 867 2626 952 751.

425 983 747 1057 Πεμπάζετ’
776 981 946 1055 ὀρθως
974 978 1219 1053 ἐκβολὰς
1247 981 1464 1059 ψήφων,
1496 984 1664 1049 ξένοι.
1738 977 1999 1039 PhotiUS.
2036 985 2289 1057 πέμπτα.
2319 986 2512 1038 πέντε.
2542 982 2632 1038 καὶ

422 1075 670 1140 Αἰολεῖς,
716 1073 842 1130 καὶ”
848 1077 1038 1137 Ιωνες,
1081 1074 1170 1129 καὶ
1200 1070 1457 1131 Ἀττικοί.
1517 1074 1876 1150 πεμπτάζειν
1923 1075 2034 1148 γὰρ
2081 1095 2222 1130 κατα
2263 1077 2436 1130 πέντε
2477 1076 2632 1148 ἀριθ-

422 1170 576 1238 μεῖν.
660 1161 893 1240 corrige
918 1163 1265 1240 πεμπάζειν.
1351 1163 1646 1222 Plutarch.
1680 1162 1750 1222 de
1779 1163 1918 1222 Isid.
1946 1152 2004 1221 et
2030 1162 2183 1222 Osir'.
2208 1181 2268 1240 p.
2290 1165 2428 1225 374.
2451 1163 2529 1222 A.
2567 1164 2630 1222 τὸ

426 1257 870 1332 ἀριθμήσασθαι,
900 1255 1313 1331 πεμπάσασθαι
1340 1259 1601 1328 λέγουσι.
1689 1253 1819 1312 Vid.
1851 1253 2075 1311 Alberti
2103 1253 2177 1312 ad
2205 1253 2462 1330 Hesych.
2485 1254 2548 1312 in
2573 1275 2629 1312 V.

426 1349 848 1423 πεμπάσσεται.
893 1345 1033 1405 κατὰ
1060 1352 1233 1405 πέντε
1262 1350 1579 1423 ἀριθμήσει,
1609 1347 1672 1406 τὸ
1706 1349 1823 1424 γὰρ
1850 1354 2022 1404 πέντε
2051 1352 2280 1404 Αἰολεῖς
2319 1352 2506 1422 πέμπε
2535 1352 2634 1404 λέ-

431 1455 616 1512 γουσι·
663 1444 1112 1516 καταχρηστικῶς
1153 1438 1216 1497 δὲ
1256 1441 1344 1496 καὶ
1388 1439 1565 1514 ψιλῶς
1604 1440 1924 1514 ἀριθμήσει.
2008 1436 2250 1514 Nequeo
2279 1445 2471 1495 autem
2499 1437 2636 1496 satis

426 1527 621 1586 mirari
664 1528 948 1587 neminem
987 1529 1364 1607 interpretum
1404 1528 1756 1606 perspexisse
1797 1547 1911 1606 quo
1951 1527 2168 1585 alludat
2213 1527 2406 1586 Poeta.
2464 1530 2634 1606 μΰρια

427 1620 599 1697 μύρια
618 1621 959 1695 πεμπαστάν
975 1627 1149 1689 verte,
1170 1623 1267 1696 qui
1287 1622 1597 1678 emet-citum
1610 1639 1720 1694 per
1736 1620 2036 1695 myriadas
2051 1628 2416 1678 recensuerat
2422 1644 2446 1685 ;
2487 1639 2636 1698 prae-

314 1713 321 1717 ’
430 1717 551 1769 erat
595 1730 801 1789 nempe
842 1711 1135 1789 copiarum
1179 1711 1492 1770 recensioni
1532 1711 1603 1768 ab
1647 1709 1944 1796 Herodeto
1985 1719 2316 1769 memoratae
2354 1710 2440 1769 VI
2444 1711 2475 1768 1
2482 1755 2496 1769 .
2533 1713 2633 1780 60,

316 1881 323 1884 -
430 1822 563 1881 quae
603 1801 743 1862 κατα·
783 1803 1059 1880 μυριάδας
1098 1802 1311 1872 fiebat3
1356 1802 1551 1860 decem
1588 1801 1841 1860 millibus
1865 1801 2170 1860 hominum
2198 1809 2360 1879 septo
2388 1802 2636 1880 quodam

429 1893 679 1962 inclusi&
723 1893 856 1952 dein
892 1894 1015 1952 aliis
1057 1893 1249 1952 decem
1291 1892 1562 1960 millibus,
1606 1899 1665 1950 et
1703 1892 1781 1950 sic
1819 1893 2106 1970 deincep&
2189 1893 2280 1952 De
2320 1894 2637 1971 composito

432 1985 869 2065 ἆναπεμπάζειν
896 1983 1015 2042 vid.
1046 1983 1359 2042 Ruhnken.
1388 1982 1463 2040 ad
1490 1982 1778 2039 Timaeum
1804 2002 1865 2058 p.
1897 1985 1998 2040 33.

514 2128 651 2186 980.
706 2099 1189 2205 *Πρᾶκακοςκ
1277 2120 1560 2179 Stanleius
1600 2120 1772 2178 vertit
1815 2121 1968 2178 mala
2014 2121 2287 2178 malorum
2318 2142 2594 2197 praesaya
2611 2149 2635 2190 ;

432 2211 734 2272 Schutzius
762 2211 914 2269 mala
934 2209 1276 2286 prce-sentia.
1360 2206 1555 2284 Eligat
1581 2206 1780 2266 lector.

516 2355 653 2414 981.
709 2327 942 2430 ’Ῑυγῆ.
1025 2351 1413 2408 Lamentatio.
1498 2348 1771 2427 Sophocl.
1807 2347 1960 2407 Phil.
2006 2351 2140 2412 752.
2199 2352 2416 2420 τοσήνδ’
2443 2356 2637 2423 ἰυγήν.

432 2439 648 2498 ibidem
669 2457 802 2496 vero
821 2440 958 2497 219.
999 2435 1117 2513 βοᾷ
1144 2437 1407 2507 τηλωπὸν
1436 2437 1598 2494 ἰωοίν.
1684 2435 2016 2493 Formatum
2043 2436 2115 2494 ab
2147 2439 2300 2506 ἰῦζω,
2327 2445 2396 2496 ut
2420 2444 2640 2516 οἰμωγή

435 2531 508 2590 ab
548 2531 802 2609 οἷμὼζως
848 2529 983 2598 ἰὺζω
1024 2535 1217 2587 autem
1256 2530 1329 2587 ab
1372 2532 1474 2598 ἰοῦ,
1507 2527 1597 2585 vel
1639 2530 1726 2586 ἰώ.
1810 2526 2198 2594 Quaerendum
2227 2536 2417 2588 autem
2445 2539 2640 2591 utrum

436 2622 551 2700 legi
577 2623 779 2680 debeat
808 2623 968 2690 ἰῶζω,
1001 2624 1233 2699 ἰωγμός,
1264 2628 1321 2679 et
1350 2624 1513 2694 ἰωγή,
1548 2618 1788 2698 (Odyss.
1819 2623 1901 2681 Ξ.
1921 2622 2059 2678 533.
2145 2627 2331 2700 Βορέω
2360 2626 2454 2683 ὑπ’
2477 2628 2637 2709 ἰωγῇ,

438 2712 593 2793 quod
618 2712 798 2771 invito
818 2710 1153 2771 Aristarcho
1173 2712 1507 2769 vertendum
1531 2717 1616 2768 est
1644 2711 1748 2769 sub
1770 2712 1976 2768 Boreoe
1996 2711 2193 2789 eibilo)
2213 2734 2288 2773 an
2313 2716 2425 2775 hoe
2450 2718 2642 2795 potius

436 2805 499 2863 in
527 2808 661 2878 ἰυγή
688 2803 762 2862 sit
786 2800 1169 2862 mutandum?
1227 2802 1542 2861 Oraculum
1568 2800 1725 2878 apud
1753 2800 2036 2859 Herodot.
2067 2803 2178 2861 IX.
2202 2807 2302 2863 43.
2343 2806 2561 2877 Ἑλλῆι
2564 2834 2644 2868 ων

441 2894 676 2955 σύνοδον
728 2898 819 2952 καὶ
864 2892 1319 2971 βαρβαρόφωνον
1375 2896 1569 2966 ἰυγήν.
1654 2891 1906 2969 Etymol.
1956 2891 2204 2953 Gudian.
2249 2916 2310 2973 p.
2364 2900 2497 2968 285,
2549 2903 2640 2960 10,

424 2985 644 3061 ”,Ιυγγι
670 2988 848 3065 φωνῇ,
872 2984 1007 3067 βοῇ,
1038 2987 1129 3043 καὶ
1164 2984 1322 3052 ἰυζει,
1352 2987 1452 3053 τὴν
1489 2981 1635 3056 βοὴν
1677 2986 1764 3041 καὶ
1803 2988 2056 3059 κραυγὴν
2098 2993 2262 3045 ποιεῖ.
2307 2993 2544 3062 λέγεται
2583 2991 2646 3050 δὲ

443 3081 536 3136 καὶ
572 3079 707 3151 ’ἰυγξ
748 3079 947 3154 συριγξ
985 3074 1398 3154 μονοκάλαμος,
1439 3078 1530 3135 καὶ
1571 3074 1768 3151 ὄρνεον
1809 3077 2120 3151 ἐπαγωγὸν
2158 3084 2418 3157 φίλτρων,
2450 3088 2647 3143 καλου·

444 3173 624 3247 μένον
652 3169 1014 3242 σεισοπυγης.
1064 3166 1129 3245 (l.
1163 3164 1518 3243 σεισοπυγίς)
1553 3172 1818 3245 σημαίνει
1860 3166 1920 3225 δὲ
1961 3172 2051 3226 καὶ
2094 3169 2264 3248 φ’δὴν.
2309 3176 2397 3231 καὶ
2425 3177 2644 3252 ἰυγμός,

445 3264 599 3338 φωνὴ
629 3264 717 3319 καὶ
750 3263 1039 3336 συριγμός.
1082 3263 1173 3318 καὶ
1189 3256 1455 3335 Ὄμηρος,
1486 3259 1559 3318 Οἱ
1588 3258 1631 3317 δ’
1663 3260 1913 3327 ἰΰζοντες
1951 3262 2168 3328 ἕποντο,
2200 3263 2340 3333 (Od.
2371 3270 2443 3323 Ο.
2484 3267 2644 3343 162.)

447 3356 590 3412 τοῦτ’
623 3355 743 3411 ἔστι
785 3356 1123 3426 συρίζοντες.
1208 3349 1521 3408 Manifesto
1560 3348 1870 3426 legendum
1911 3354 2061 3429 ἰυγῇ,
2094 3358 2271 3434 φωνῇ.
2313 3353 2424 3411 nisi
2461 3374 2649 3432 gram-

446 3443 720 3501 maticum
739 3441 941 3501 vitiosa
959 3440 1169 3501 codicis
1195 3439 1436 3518 alicujus
1462 3439 1706 3499 lectione
1732 3439 2034 3517 deceptum
2060 3440 2234 3501 fuisse
2258 3450 2448 3520 putes.
2512 3445 2647 3505 Vid.

450 3552 625 3610 supra
654 3535 789 3591 285.

533 3673 669 3733 983.
711 3645 1137 3734 Ἀλαστοςκ
1220 3671 1609 3729 Perniciacum.
1695 3670 1896 3729 Minus
1939 3678 2091 3730 recte
2133 3672 2419 3750 explicant
2462 3694 2651 3754 gram-

451 3758 646 3818 matici
695 3758 959 3835 vulgares
1012 3762 1391 3827 ἀνεπίληπα,
1446 3755 1609 3834 quasi
1662 3763 1810 3816 esset
1859 3777 1967 3835 pro
2021 3762 2282 3839 ἄληστα,
2338 3761 2429 3820 vel
2480 3764 2654 3823 etiam

452 3850 751 3909 absurdius
780 3854 1023 3918 ἄλαστα,
1055 3847 1134 3908 ὦν
1166 3854 1263 3909 οὒκ
1300 3852 1376 3907 ἄν
1411 3873 1489 3907 τις
1523 3848 1715 3923 λάβοι,
1742 3868 1779 3906 a
1818 3850 2085 3928 λάζομαι.
2164 3852 2260 3911 Ab
2289 3857 2419 3925 ἄλη,
2449 3858 2657 3914 mentis

456 3961 635 4010 error,
665 3941 947 4010 delirium,
977 3940 1133 3999 venit
1176 3939 1394 4010 ἀλάζω,
1433 3942 1675 4016 decipio,
1713 3941 1867 4000 unde
1901 3942 2154 4011 ἀλαζων,
2191 3946 2221 4001 ὁ
2257 3947 2522 4005 ἀπατεὼν
2565 3950 2657 4005 καὶ

455 4032 846 4103 ωμπαστής*,
881 4031 1162 4110 (Etymol.
1194 4029 1284 4089 M.
1314 4052 1377 4109 p.
1408 4033 1503 4099 55,
1534 4030 1663 4109 42.)
1694 4032 1976 4109 ἀλάστωρ,
2006 4035 2104 4110 qui
2141 4036 2204 4093 in
2244 4056 2489 4095 errorem
2517 4057 2657 4113 per-

456 4123 727 4180 niciosum
777 4122 985 4188 trahit,
1035 4139 1209 4199 supra
1255 4123 1392 4180 360.
1452 4126 1716 4194 ἅλαστος,
1759 4126 1857 4200 qui
1896 4124 1959 4181 in
1999 4144 2244 4183 errorem
2274 4128 2659 4201 per-wiciorum

543 4378 578 4415 *
621 4377 755 4437 vid.
794 4377 958 4436 Foes.
1005 4377 1209 4436 OEcon.
1253 4377 1535 4457 Hippocr.
1573 4378 1636 4437 in
1676 4400 1732 4439 v,
1781 4381 2068 4451 Ἀλιίζων.
2149 4382 2558 4461 Wyttenbaeh.
2587 4385 2663 4445 ad

465 4467 686 4528 Platon.
722 4468 927 4529 Phoed.
957 4488 1019 4546 p.
1051 4472 1188 4527 244.
