3282 5193
1271 407 1705 476 rizAErA'rm.
2474 400 2634 472 xvii

337 590 616 680 hicum,
665 619 820 669 non
879 599 1280 695 tragicum,
1335 605 1635 675 constat
1686 625 1783 675 ex
1832 602 2377 700 epigrammate
2427 602 2633 700 apud

335 712 792 790 Bentleium‘
824 719 1023 793 Diss.
1063 722 1155 795 de
1206 723 1509 797 Phalar.
1548 749 1621 821 p.
1660 727 1831 798 302.
1886 727 1979 799 ut
2030 726 2261 798 mirer
2324 725 2629 799 Schnei-

335 835 622 926 derum,
659 841 914 915 virum
963 844 1373 932 eruditum,
1411 849 1852 920 narrantem
1899 847 1986 919 in
2033 849 2481 944 praefatione
2530 848 2630 922 ad

336 960 866 1062 Xenophontis
919 969 1358 1056 Hieronem,
1417 970 1885 1044 Simonidem
1936 972 2336 1046 victoriam
2396 973 2630 1065 trayi-

334 1106 498 1158 cam
549 1092 1042 1164 consecutum
1092 1116 1274 1166 esse.
1382 1093 1588 1183 Quin
1623 1094 1774 1167 isto
1806 1094 1974 1193 ipso
2008 1119 2234 1183 ann0,
2272 1095 2635 1169 archonte

332 1208 775 1300 AdimantO,
813 1214 1295 1312 Phrynichus
1342 1216 1779 1290 Phoenissas
1814 1218 2094 1306 docuit,
2134 1217 2338 1314 quod
2368 1241 2417 1292 a
2448 1217 2628 1290 Plu-

331 1333 602 1406 tarcho
653 1334 1036 1425 discimus,
1085 1341 1185 1426 et,
1234 1339 1354 1412 uti
1402 1362 1542 1437 par
1591 1341 1706 1412 est
1759 1339 2145 1436 conjicere,
2184 1340 2630 1439 AEschylum

331 1456 561 1544 vicit3
615 1460 821 1533 unde
870 1484 1078 1535 error
1110 1461 1452 1536 fortassis
1503 1486 1789 1550 eorum,
1828 1486 2018 1560 quos
2052 1462 2258 1536 Vitae
2293 1464 2631 1563 ‘scriptor

331 1584 728 1670 memorat,
766 1577 1024 1657 ortum
1060 1584 1353 1658 habuit.
1462 1586 1688 1675 Quod
1738 1589 1998 1659 autem
2041 1587 2280 1660 tradit
2334 1587 2627 1675 Suidas,

336 1703 800 1780 Simonidem
849 1703 1260 1804 tragoedias
1312 1707 1675 1796 docuisse,
1711 1709 1793 1782 id
1832 1709 2052 1782 nulla
2094 1710 2243 1783 fide
2284 1709 2627 1806 dignum,

335 1830 436 1914 et,
479 1831 571 1901 ut
622 1829 909 1926 opinor,
959 1831 1054 1903 ab
1104 1830 1412 1906 indocto
1465 1833 1797 1929 quodam
1844 1833 2155 1907 homine
2203 1832 2631 1929 profectum

333 1956 472 2041 est,
510 1952 645 2050 qui
697 1952 1162 2026 Simonidem
1210 1955 1591 2051 tragicum
1643 1956 1878 2029 fuisse
1928 1955 2269 2041 credidit,
2317 1954 2501 2051 quia
2552 1977 2631 2027 se

335 2079 541 2174 χόρον
593 2075 976 2162 διδάξασθαι
1017 2075 1396 2163 θῘῘίΥΙΠᾶῒις
1453 2101 1626 2174 quae
1658 2078 1993 2152 formula
2033 2100 2192 2151 non
2234 2077 2493 2148 minus
2538 2078 2631 2150 (le

333 2188 1008 2297 dithyrambopoeis
1040 2199 1558 2297 usurpabatur
1591 2225 1826 2298 quam
1852 2202 1944 2277 de
1975 2201 2219 2299 poetis
2244 2200 2624 2298 tragicis*.

333 2320 766 2396 Chamaeleo
825 2344 943 2420 ap.
1010 2322 1290 2395 Athen.
1351 2323 1497 2396 IX.
1560 2349 1634 2420 p.
1705 2322 1875 2400 374.
1930 2323 2028 2394 A.
2132 2322 2629 2417 Ἀναξανδρίδης

324 2447 1316 2542 ὃιᾶκνοὸσωπτεὸιθυραομβν
1350 2445 1697 2541 Αθῇνινῃσ
1742 2448 2047 2529 εισῆλθεν
2102 2447 2290 2544 ε’ἰφ
2272 2480 2431 2519 ιππο
2523 2478 2604 2516 κα

327 2570 626 2671 ἆπηγγει
607 2576 755 2645 ιὲνλ
800 2605 870 2643 τι
919 2605 1050 2643 των
1089 2570 1243 2643 ἐκτ
1363 2569 1535 2668 ᾆσμα
1542 2607 1583 2644 τ
1589 2605 1683 2648 on:
1742 2480 2124 2646 e’Confer
2100 2593 2356 2669 Ipsum
2391 2568 2625 2643 Slmo-

326 2694 588 2768 nidem
637 2695 1004 2769 LXXVI.
1046 2697 1115 2767 2.
1154 2697 1224 2767 6.
1249 2606 1588 2784 0„Quare
1633 2719 1883 2793 neque
1916 2696 2012 2769 ob
2046 2696 2246 2769 hanc
2280 2718 2626 2770 caussam

327 2818 734 2915 AEschylus
800 2816 885 2889 in
954 2816 1290 2889 Siciliam
1342 2817 1563 2913 fugit.
1703 2818 2061 2914 Superest
2129 2819 2423 2913 quarta,
2484 2839 2623 2889 nec

321 2928 589 3018 tamen
634 2940 770 3013 illa
819 2940 1004 3015 satis
1053 2939 1346 3027 idonea,
1397 2963 1630 3037 quam
1681 2940 2116 3037 suppeditat
2164 2940 2367 3013 idem
2417 2938 2621 3011 Vitae

321 3067 614 3142 auctor.
753 3063 1028 3135 Innuit
1096 3064 1303 3137 enim
1368 3063 1783 3137 nonnullos
1853 3063 2252 3139 credidisse
2315 3064 2620 3160 poetam

315 3188 572 3290 patria
626 3210 705 3259 se
755 3185 1079 3273 orbasse,
1139 3186 1319 3282 quia
1373 3209 1615 3283 quum
1669 3186 1754 3258 in
1803 3186 2257 3260 Eumenisin
2304 3185 2617 3281 agendis

315 3311 594 3386 Furias
647 3308 969 3407 sparsim
1016 3307 1103 3379 in
1153 3330 1456 3381 scenam
1504 3304 1955 3395 induxisset,
1997 3309 2330 3382 infantes
2381 3308 2619 3404 aliqui

313 3457 480 3534 prae
512 3436 729 3506 metu
753 3430 1166 3505 exanimati
1193 3433 1396 3515 sunt,
1418 3433 1496 3503 et
1523 3431 1857 3527 gravidae
1881 3431 2239 3503 mulieres
2264 3424 2619 3501 abortum

311 3558 685 3631 fecerunt.
771 3551 1034 3625 Tradit
1055 3549 1287 3623 etiam
1313 3551 1592 3623 Pollux
1615 3551 1847 3625 istam
1870 3551 2618 3649 repraesentationem

311 3676 916 3754 Atheniensibus
958 3696 1224 3747 ansam
1262 3672 1676 3771 praebuisse
1714 3676 1963 3772 legem
1999 3675 2403 3761 sanciendi,
2443 3698 2615 3771 quae

315 3805 660 3879 Chorum
725 3798 1105 3898 tragicum
1163 3797 1261 3895 ad
1311 3798 1688 3872 minorem
1745 3823 2159 3874 numerum
2215 3800 2611 3896 redigeret,

315 3950 560 4025 quum
618 3927 844 3998 antea
899 3946 995 3997 ex
1054 3920 1615 4021 quinquaginta
1672 3924 2159 3997 constitisset.
2268 3924 2507 4013 Quod‘
2552 3923 2618 3994 si

313 4063 587 4124 verum
637 4050 762 4135 sit,
802 4046 987 4144 quid
1037 4045 1442 4121 dicendum
1492 4045 1639 4120 erit
1687 4046 1779 4120 de
1842 4046 2269 4122 Scholiasta
2321 4048 2613 4119 Aristo-

398 4326 436 4363 *
479 4324 762 4385 Herodot.
793 4323 846 4382 Ῑ.
867 4326 963 4383 23.
1009 4325 1100 4381 καὶ
1129 4320 1494 4399 διθύραμβον,
1522 4328 1740 4398 πρῶτον
1768 4321 2079 4397 ἀνθρώπων
2108 4326 2218 4379 τῶν
2245 4324 2399 4398 ἡμεῖς
2426 4320 2613 4399 ἴδμεν,

313 4427 628 4493 ποιήσαντα
654 4445 717 4480 re
745 4424 836 4481 καὶ
861 4418 1224 4498 ὀνομάσαντα
1252 4420 1343 4476 καὶ
1371 4417 1672 4485 διδάξαντα
1700 4419 1765 4475 ἐν
1795 4418 2066 4494 Κορίνθῳ.

2172 4522 2214 4591 ὂ
