3282 5193
1336 431 1772 487 PRAEFATIO.
2562 414 2701 488 xiii

401 611 586 686 alios
639 609 964 707 triginta
1011 634 1274 684 versus
1325 610 1608 684 iterum
1660 612 1977 685 Danaus
2024 614 2321 709 prodit:
2379 617 2510 688 sed
2558 640 2699 691 nec

398 736 841 810 tetrameter
873 734 1301 808 trochaicus
1335 735 1418 807 in
1449 735 1601 808 ista
1619 736 1881 809 fabula
1912 737 2307 833 reperitur.
2384 739 2697 836 AEschy-

397 855 520 930 lus
567 857 874 954 quidem
925 857 1242 930 tertium
1285 858 1738 932 histrionem
1790 859 2119 946 induxit,
2170 861 2301 935 sed
2344 885 2503 934 non
2544 862 2697 936 nisi

395 983 569 1076 post
624 980 1091 1077 Sophoclem,
1135 983 1212 1053 et
1265 980 1359 1053 ab
1406 980 1541 1054 ino
1587 982 1919 1068 edoctus,
1948 983 2204 1078 judice
2248 986 2693 1082 Tyrwhitto.

307 1087 314 1093 ⁵
399 1102 801 1201 Sophocles
835 1095 1036 1190 perc,
1078 1104 1498 1191 secundum
1537 1106 1885 1179 Marmor
1929 1109 2379 1196 Oxoniense,
2416 1113 2695 1207 tragoe·

396 1227 602 1301 diam
648 1229 988 1325 primum
1028 1228 1285 1301 docuit
1344 1229 1461 1301 Ol.
1500 1228 1915 1302 LXXVII.
1956 1235 2025 1303 3.
2094 1232 2487 1308 Archonte
2534 1235 2693 1333 Ap-

395 1351 777 1448 sephione,
799 1351 923 1424 vel
945 1351 1456 1448 Aphepsione,
1481 1357 1559 1424 et
1583 1352 1735 1424 ista
1764 1351 1933 1450 ipsa
1962 1354 2225 1426 fabula
2248 1357 2694 1456 AEschylum

390 1475 598 1561 vicit,
621 1475 744 1547 uti
772 1473 1016 1570 liquet
1051 1497 1146 1546 ex
1181 1475 1595 1548 Plutarcho
1628 1474 1715 1547 in
1750 1475 2065 1550 Cimone
2098 1501 2169 1574 p.
2205 1481 2380 1552 884.
2486 1467 2693 1579 Ergo

392 1599 666 1686 Persae,
719 1623 891 1696 quae
942 1598 1165 1672 docta
1209 1602 1328 1671 est
1382 1599 1500 1672 Ol.
1553 1599 1919 1673 LXXVI.
1968 1605 2041 1674 4.
2090 1602 2338 1677 tribus
2382 1607 2693 1680 tantum

391 1722 611 1794 annis
662 1723 1051 1820 Sophoclis
1091 1722 1444 1797 tirocinio
1491 1727 2017 1814 antecesserat,
2057 1751 2297 1823 quum
2328 1728 2492 1827 ipse
2525 1731 2688 1806 AEs-

391 1845 660 1942 chylus
704 1869 838 1942 per
884 1868 1123 1918 annos
1167 1850 1457 1944 septem
1503 1850 1580 1920 et
1613 1847 1892 1944 viginti
1932 1851 2177 1922 artem
2218 1873 2437 1924 suam
2480 1875 2689 1928 exer-

389 1968 711 2055 cuisset3
768 1993 1001 2074 quare
1034 1970 1286 2044 nescio
1322 1994 1421 2044 an
1453 1971 1640 2046 satis
1668 1975 2019 2046 accurate
2045 1973 2195 2047 dici
2226 1976 2465 2072 possit
2501 1977 2688 2052 artis

387 2117 646 2168 recens
679 2097 882 2166 natae
916 2091 1464 2172 rudimentum.
2548 2111 2555 2120 ’

485 2218 572 2290 Si
626 2203 796 2314 quis
845 2241 1024 2290 vero
1069 2219 1150 2291 id
1203 2219 1688 2318 antiquitatis
1732 2220 2145 2318 vestigium
2196 2246 2357 2296 esse
2407 2225 2685 2315 credat,

389 2343 590 2438 quod
648 2343 1008 2440 prologus
1073 2366 1207 2440 per
1275 2347 1701 2441 anapaestos
1770 2345 2184 2432 exorditur,
2254 2349 2691 2426 meminerit

384 2467 585 2540 idem
604 2471 869 2564 postea
887 2467 1152 2542 fecisse
1172 2467 1619 2565 Euripidem
1639 2467 1725 2540 in
1748 2469 1996 2566 prima
2020 2469 2449 2567 Iphigenia,
2460 2477 2687 2549 modo

385 2617 792 2690 germanus
829 2593 930 2666 sit
965 2593 1108 2666 iste
1140 2593 1523 2690 prologuS,
1555 2593 1649 2667 de
1684 2617 1834 2690 quo
1859 2595 2122 2667 tamen
2140 2594 2359 2668 valde
2394 2594 2680 2674 dubito.

385 2720 534 2792 Sed
576 2723 852 2792 notatu
894 2719 1215 2815 dignum
1262 2721 1401 2804 est,
1439 2718 1522 2788 in
1557 2717 1853 2791 duabus
1873 2721 2093 2815 ,certe
2127 2718 2685 2815 antiquissimis

378 2866 566 2940 quas
588 2842 957 2915 habemus
978 2841 1392 2938 tragoediiS,
1418 2842 1669 2915 Persis
1696 2844 1773 2915 et
1802 2840 2313 2939 supplicibus,
2342 2844 2684 2919 Chorum

378 2968 688 3065 Prologi
741 2967 990 3041 officio
1043 2966 1306 3063 fungi3
1377 2965 1582 3038 unde
1638 2968 1939 3039 constat
2006 2966 2463 3063 tragoediam
2528 2967 2683 3042 isto

379 3096 738 3189 tempore,
777 3117 935 3165 non
1001 3091 1398 3189 agnovisse
1465 3113 1728 3164 omnes
1795 3090 2098 3187 regulas
2168 3092 2445 3189 quibus
2512 3113 2683 3167 eam

308 3256 322 3260 -
376 3223 639 3316 postea
690 3217 1282 3315 circumscripsit
1337 3215 1815 3303 Aristoteles,
1870 3239 1913 3288 e
1973 3215 2249 3313 quibus
2308 3242 2465 3291 una
2514 3218 2681 3293 haec
2814 3220 2819 3225 ’

372 3343 547 3429 fuit,
611 3346 980 3441 Πρόλογοα
1026 3348 1168 3434 μέν,
1221 3346 1417 3436 μέρος
1471 3343 1632 3411 ὅλον
1682 3342 2063 3437 τραγῳδίας
2116 3344 2201 3411 τὸ
2254 3343 2387 3436 πρὸ
2442 3344 2677 3435 Χόρου

379 3466 696 3559 παρόδου,
732 3464 870 3536 ubi
900 3463 1074 3536 vide
1096 3461 1632 3557 Tyrwhittum.
1740 3462 2016 3533 Notari
2050 3462 2285 3533 etiam
2307 3465 2558 3559 potest
2593 3463 2677 3535 in

373 3587 622 3660 nost-ri
671 3584 1182 3683 Myrmidosin
1229 3582 1634 3680 prologum
1680 3606 1815 3680 per
1865 3587 2289 3681 anapaestos
2336 3566 2677 3678 Chorum

373 3712 631 3809 egisse.
739 3708 1245 3807 Harpocratio
1279 3732 1350 3781 V.
1395 3710 1955 3802 Προπεπωκὸτεσ.

673 3888 847 3957 Τάδε
895 3890 1012 3977 μὲν
1065 3888 1386 3971 λεῦσσειιι,
1444 3882 1699 3979 φαίδιμ’
1749 3883 2105 3981 Ἀχιλλεῦ,

565 4012 576 4025 ’
672 4011 1219 4103 Δοριλυμᾶντουο
1273 4009 1558 4079 Adara&
1604 4007 1925 4105 μόχθους,

674 4129 984 4230 ΟὓόΙῖσῦ
1038 4127 1406 4228 προπίνει-ιο]
1467 4130 1620 4202 εἵσω
1674 4134 1958 4207 κλισίας.

369 4307 492 4381 Sic
543 4307 752 4379 enim
799 4306 1074 4379 melius
1127 4304 1460 4402 suppleri
1509 4303 1864 4376 existimo
1919 4328 2152 4400 quam
2199 4327 2335 4400 per
2379 4304 2667 4381 Valesii

365 4432 927 4517 correctionem,
991 4430 1126 4507 Οὓς
1196 4434 1662 4524 προπέπωκαις.
1771 4426 1991 4499 Idem
2050 4427 2143 4501 de
2212 4428 2679 4509 Prometheo.
