3282 5193
1435 422 1843 497 ΠΕΡΣΑῙ.
2674 421 2776 492 69
2829 421 2844 430 ”

925 639 1019 721 αὖ
1079 644 1436 749 φέρομεν,
1497 643 1950 740 πολέμοισιν

928 770 1328 868 δμαθέντες
1376 766 1725 871 μεγάλως
1781 781 1976 848 πλα-

1035 903 1202 996 γαΐς
1258 931 1341 976 τε
1404 897 1861 975 ποντίαισιν.
2620 904 2773 970 905

1404 1112 1464 1168 Ξ
1489 1115 1599 1166 ΕΡ
1620 1113 1680 1170 Ξ
1704 1115 1840 1166 ΗΣ.

586 1224 729 1303 Ἰώ.
796 1222 1169 1326 δύστηνος
1227 1227 1371 1331 ἐγὼ
1431 1238 1807 1334 στυγερᾶς
1861 1229 2126 1329 μοίρας

812 1357 1048 1452 τῆσδε
1108 1355 1442 1457 κυρήσας
1500 1349 2174 1458 ἀτεκμαρτοτάτης,

820 1482 915 1562 ὡς
972 1478 1429 1586 ὠμοφρόνως
1486 1484 1770 1580 δαίμων
1827 1481 2049 1579 ἐνέβη

810 1610 1136 1709 Περσῶν
1194 1611 1442 1714 γἐνεᾷ.
1523 1609 1601 1686 τί
1653 1606 1868 1686 πάθω
1925 1603 2236 1705 τλήμων
2262 1631 2284 1694 ;

809 1731 1130 1812 λέλυται
1185 1732 1332 1836 γὰρ
1393 1737 1585 1833 ε’μῶν
1643 1734 1874 1835 γυίων
1931 1729 2169 1836 ῥώμη,
2617 1743 2775 1809 910

811 1857 1015 1959 τήνδ’
1058 1859 1355 1963 ἡλικίαν
1413 1857 1736 1939 ἐσιδόντ’
1779 1863 2062 1938 ἀστῶν.

813 1985 941 2063 εἴθ’
986 1969 1292 2090 ὄφελεν,
1354 1992 1532 2082 Ζεῦ,
1592 1984 1777 2082 κάμὲ
1832 1984 1988 2084 μετ’
2050 1987 2344 2085 ἀνδρῶν

478 2253 575 2304 γος
605 2227 853 2294 ἐπάξιον.
920 2226 1071 2284 Ibid.
1102 2231 1239 2289 809.
1270 2250 1387 2288 non
1413 2235 1577 2309 ἄμφι-

474 2311 656 2381 λόγωε
688 2305 787 2364 sed
814 2310 1161 2383 ἀμφιλέκτως
1188 2315 1514 2384 usurpatur.

552 2387 710 2444 Ibid.
754 2389 1069 2460 θεόπρεπτα
1081 2385 1217 2443 Ald.
1238 2386 1399 2444 Med.
1413 2388 1502 2445 M.
1520 2392 1573 2446 1.

476 2469 759 2524 θεόπεπτα
788 2463 936 2521 Rob.
976 2464 1167 2521 forsan
1201 2484 1307 2541 pro
1335 2469 1574 2542 θεόπεμ-

476 2569 609 2604 πτα.
654 2547 961 2619 θεόθρεπτα
1003 2541 1163 2621 quasi
1203 2542 1355 2602 varia
1410 2545 1577 2603 lectio

474 2624 535 2681 in
577 2622 817 2680 Scholiis
860 2630 1226 2680 memoratur.
1270 2627 1576 2699 θεότρεπτα

473 2703 653 2760 Turn.
684 2709 742 2757 et
761 2700 1117 2758 recentiore&
1181 2701 1272 2759 Sic
1298 2703 1469 2760 etiam
1498 2704 1573 2763 G.

477 2782 621 2837 Mox
647 2778 764 2837 τάδ’
793 2773 862 2847 ἦν
890 2776 931 2835 ἆ
936 2802 965 2834 ν
991 2784 1231 2858 φέρομεν
1258 2779 1396 2839 Ald.

557 2860 693 2917 904.
750 2856 1129 2935 δαμασθέντες
1184 2856 1321 2915 Ald.
1391 2858 1571 2915 Turn.

476 2935 669 2994 Guelf.
740 2934 830 2993 M.
910 2938 961 2992 1.
1031 2935 1372 3013 δαμαθέντες
1428 2936 1576 2993 Rob.

474 3015 779 3092 δμαθέντες
813 3013 1013 3090 steph.
1060 3014 1377 3073 Scholiasta
1413 3022 1576 3073 notat

474 3100 645 3161 Δίων,
686 3097 999 3169 ἆμαθέντες
1040 3094 1204 3171 (non,
1264 3093 1351 3151 uti
1407 3094 1571 3151 Stan-

472 3174 631 3241 leiuS,
662 3173 784 3248 ἅμα
814 3171 1055 3247 θέντες).
1125 3172 1238 3230 Dio
1280 3172 1575 3230 Gramma-

472 3252 619 3310 ticus
680 3271 793 3309 non
836 3250 1065 3310 aliunde
1110 3250 1253 3308 mihi
1304 3250 1572 3319 innotuit,

472 3349 644 3407 quam
701 3349 770 3387 ex
825 3329 993 3386 unico
1054 3328 1383 3405 Etymologi
1428 3329 1568 3397 loco,

472 3429 531 3486 p.
572 3411 708 3475 494,
756 3410 851 3464 24.
894 3406 995 3463 ubi
1041 3405 1232 3463 forsan
1270 3405 1575 3481 legendum

474 3489 895 3560 Διογενειανός,
938 3484 1029 3541 vel
1086 3483 1399 3542 Διονύσιος.
1503 3486 1575 3542 In

470 3566 582 3622 hoc
638 3563 762 3621 loco
822 3562 960 3619 olim
1014 3562 1360 3640 conjeceram
1413 3582 1575 3639 repo-

472 3641 724 3701 nendum
766 3658 886 3697 esse
927 3641 1110 3699 Θεών.
1221 3640 1381 3698 Theo
1422 3642 1573 3699 enim

472 3722 533 3780 in
567 3718 760 3797 plures
800 3726 1057 3778 auctores
1085 3719 1319 3782 Graecos
1360 3719 1575 3779 scholia

474 3797 823 3874 conscripsit,
886 3805 944 3855 et
986 3798 1236 3857 Lexicon
1290 3799 1575 3856 Dramati-

473 3898 605 3937 cum
632 3876 829 3935 edidit.
900 3875 1107 3936 Postea
1125 3896 1258 3936 vero
1278 3878 1390 3935 hoc
1411 3879 1574 3936 scho-

469 3957 611 4016 lium
639 3975 770 4013 cum
811 3956 1098 4032 superiore
1125 3957 1574 4015 connectendum

470 4035 787 4094 videbatur.
872 4040 1020 4091 θεοῖς
1067 4034 1450 4100 δόξαντα-δι’
1497 4033 1574 4094 ὧν

473 4116 853 4190 δαμασθέντες
916 4120 1201 4188 πλαγαῖσι
1268 4120 1571 4184 ποντίαισι,

472 4202 592 4254 ταῖς
635 4197 998 4269 ναυμαχίαις.

554 4275 689 4333 905.
732 4276 1022 4347 πλαγαῖσί
1055 4297 1118 4330 τε
1150 4279 1471 4331 ποντίαισιν
1500 4274 1572 4331 Β.

470 4356 759 4425 πλαγαισί
796 4377 858 4410 τε
898 4357 1149 4410 ποντίαις
1176 4350 1281 4409 “Μ.
1325 4357 1375 4410 l.
1434 4359 1578 4411 πλα-

476 4438 606 4504 γαῖς
631 4454 692 4489 τε
717 4436 1037 4490 ποντίαισιν
1058 4430 1315 4488 Brunck.
1341 4431 1573 4491 Schutz.

472 4508 664 4569 Ceteri
688 4514 973 4584 πλαγαῖσι
1001 4515 1339 4569 ποντίαισιν.

1763 2234 1896 2294 907.
1939 2228 2427 2308 ἅτεκμαρτοτιίτως
2453 2227 2646 2286 Viteb.

1763 2311 1899 2375 908.
1944 2308 2192 2382 ἐνέβαλε
2219 2309 2310 2366 Μ.
2347 2312 2398 2365 1.

1764 2390 1899 2449 910.
1944 2392 2097 2466 ἐμῶν
2140 2387 2272 2445 edd.
2319 2392 2435 2444 vet.
2491 2390 2550 2442 et
2604 2383 2778 2442 MSS.

1683 2465 1984 2525 Schutzius
2025 2469 2168 2544 ἐμοί,
2213 2464 2369 2542 quod
2434 2463 2569 2522 olim
2631 2481 2782 2521 rece·

1678 2563 1895 2621 peram.
1968 2546 2039 2604 In
2065 2543 2327 2625 proximo
2353 2561 2521 2601 versu
2548 2541 2782 2601 ἐσιδόντ’

1679 2630 1947 2700 quartum
1989 2644 2110 2683 esse
2151 2641 2343 2682 casum
2370 2631 2567 2680 monet
2593 2622 2782 2680 Elms-

1676 2702 1818 2759 leius
1839 2704 1913 2759 ad
1929 2702 2129 2780 Eurip.
2151 2702 2382 2761 Heracl.
2404 2720 2464 2777 p.
2493 2704 2624 2758 141.
2669 2701 2782 2758 Pro

1680 2786 1873 2854 γυίων,
1898 2780 2034 2839 Ald.
2066 2782 2216 2839 Rob.
2261 2780 2415 2855 γόων
2438 2779 2509 2837 C.
2535 2778 2701 2838 Colb.
2726 2783 2779 2835 l.

1722 2864 1920 2916 ελέων.

1676 2884 1715 2935 μ
1758 2941 1895 2996 911.
1941 2936 2200 2995 εἶσιδόντ’
2225 2934 2362 2994 Ald.
2391 2934 2544 2994 Rob.

1760 3019 1895 3075 912.
1941 3017 2044 3075 εἴθ’
2085 3020 2268 3094 ὤφελε
2303 3014 2435 3073 Zetis·
2465 3014 2597 3072 Ald.
2630 3014 2780 3072 Rob.

1679 3094 1881 3172 Steph.
1904 3094 2141 3153 Porson.
2162 3095 2266 3155 εἷθ’
2293 3096 2464 3171 ὄφελε
2483 3097 2590 3151 Ζεῦ
2604 3092 2782 3149 Turn.

1678 3174 1781 3232 εἴθ’
1809 3176 2017 3250 ὄφελεν
2046 3179 2150 3234 Ζεῦ
2187 3175 2347 3232 Med.
2433 3175 2538 3232 εἷθ’
2575 3177 2778 3247 ὤφελε,

1679 3258 1784 3312 Ζεῦ
1811 3253 2066 3311 Brunck.
2091 3273 2160 3311 ex
2183 3252 2416 3311 Stanleii
2436 3251 2780 3330 conjectura.

1681 3332 1793 3389 Sed
1833 3352 2114 3409 nusquam
2155 3330 2311 3408 apud
2350 3331 2595 3408 tragicos
2652 3330 2781 3388 bre-

1678 3429 1806 3467 vem
1833 3410 2084 3467 vocalem
2125 3415 2443 3486 correptam
2484 3416 2615 3465 ante
2654 3412 2689 3476 ζ
2723 3408 2786 3467 in

1680 3488 1866 3563 capite
1893 3487 2169 3564 proximae
2195 3486 2350 3544 vocis
2377 3486 2625 3553 offendi;
2682 3506 2781 3544 ne-

1681 3585 1791 3644 que
1849 3565 1911 3623 id
1967 3572 2219 3643 unquam
2272 3564 2464 3633 fiebat,
2520 3564 2629 3623 nisi
2681 3584 2785 3643 per
2837 3590 2850 3599 ³

1677 3645 1848 3702 metri
1871 3644 2279 3712 necessitatem,
2315 3654 2382 3701 ut
2421 3643 2483 3701 in
2526 3648 2779 3715 ὑλήεσσα

1675 3725 1972 3791 Ζάκυνθος,
2007 3731 2065 3782 et
2105 3723 2416 3792 similibus3
2463 3724 2785 3802 cujusmodi

1675 3803 1907 3881 quidem
1952 3803 2244 3869 vocabula,
2298 3802 2411 3861 nisi
2449 3803 2560 3862 hoc
2601 3806 2780 3878 fieret,

1672 3883 1733 3940 in
1759 3902 1954 3941 versus
1987 3883 2114 3960 cogi
2153 3902 2268 3940 non
2308 3889 2561 3959 possent.
2645 3886 2781 3947 Vid.

1677 3961 1963 4020 Schaefer.
1994 3962 2068 4019 ad
2096 3962 2336 4037 Gregor.
2365 3981 2426 4038 p.
2459 3964 2596 4024 873.
2623 3973 2679 4022 et
2707 3967 2784 4026 ad

1676 4041 1915 4119 Dionys.
1947 4040 2085 4099 Hal.
2125 4060 2184 4117 p.
2226 4042 2364 4101 289.
2407 4046 2645 4117 ὤφελεν,
2678 4052 2786 4105 Ζεῦ

1678 4119 1752 4177 G.
1781 4120 1934 4177 unde
1974 4120 2110 4177 olim
2149 4119 2407 4196 legebam
2449 4124 2688 4195 ὤφελεν,
2741 4124 2786 4183 ὦ

1679 4205 1802 4257 Ζεῦ.
1903 4197 2168 4256 Occurrit
2207 4200 2414 4273 ὄφελον
2467 4199 2588 4258 sine
2640 4221 2782 4283 aug.

1675 4284 1870 4335 mento
1901 4276 2166 4353 Sophocl.
2194 4275 2356 4353 Ajac.
2395 4280 2566 4337 1192.
2597 4281 2698 4339 sed
2723 4284 2785 4343 in

1677 4362 1851 4413 cantu
1896 4355 2161 4413 Chorico.
2226 4357 2330 4413 εἴθ’
2371 4355 2545 4432 ὄφελε
2585 4364 2784 4438 reponi

1671 4434 1880 4512 jubent
1923 4434 2210 4492 Porsonus
2254 4434 2496 4493 Advers.
2535 4457 2596 4515 p.
2648 4444 2780 4506 157.

1683 4512 1985 4572 Elmsleius
2027 4513 2099 4571 ad
2140 4512 2344 4593 Eurip.
2396 4515 2552 4577 Med.
2609 4522 2778 4581 1380.
