3282 5193
706 410 853 480 128
1561 426 2064 481 sLossARmM

698 605 901 684 Eurip.
931 604 1141 662 Troad.
1176 606 1271 664 90.
1316 607 1478 663 ἀκταὶ
1506 603 1566 662 δὲ
1592 609 1856 664 Μυκόνου
1886 609 2099 673 Δήλιαί
2127 628 2188 662 τε
2218 603 2497 681 χοιράδες.
2561 604 2900 664 Theocritus

696 698 959 777 χοιράδας
988 702 1151 754 vocat
1177 697 1433 770 scopulos
1442 698 1618 772 floeos.
1691 695 1872 754 XIII.
1905 699 2064 754 '‘Ar-es
2099 701 2365 755 Κυανεᾶν
2391 701 2510 774 ιοὐχ
2553 698 2739 772 ἥψατο
2773 721 2903 754 συν·

698 787 983 866 δρομάδων
1022 791 1172 854 ναῦς,
1206 785 1394 843 ’Anci
1424 785 1676 854 διεξᾶἳξε,
1710 785 1901 860 βαθύν
1935 787 1982 845 δ’
2010 787 2307 862 εἰσέδραμε
2346 791 2545 854 Φᾶσιν,
2590 788 2784 845 Αἶετὸς
2811 791 2899 854 ὤς,

699 887 856 958 μέγα
892 886 1124 952 λαῖτμα.
1168 877 1263 955 ἀφ’
1301 874 1343 955 ᾦ
1376 877 1501 936 τότε
1539 876 1795 955 χοιράδες
1833 881 2028 937 ἔσταν.
2115 877 2206 935 Sic
2235 885 2424 935 autem
2457 877 2595 935 dicti
2622 877 2796 936 fuisse
2821 877 2904 934 vi-

701 973 924 1040 dentur,
949 969 1082 1048 quia
1102 990 1172 1027 ex
1197 968 1367 1026 undis
1395 968 1719 1028 eminebant
1743 969 1805 1027 in
1831 969 2068 1028 modum
2096 969 2241 1046 tergi
2267 968 2507 1046 porcini.
2593 968 2770 1044 Apud
2796 987 2901 1026 nos

703 1063 921 1140 Anglos
962 1061 1130 1118 etiam
1170 1059 1231 1117 in
1272 1059 1547 1117 comitatu
1589 1059 1906 1118 Surreiensi
1941 1059 2100 1118 collis
2133 1059 2431 1138 cujusdam
2473 1059 2706 1117 dorsum
2741 1058 2902 1117 audit

704 1156 803 1212 tlte
818 1153 1008 1228 Hoy's
1022 1152 1208 1210 Baek.
1292 1149 1450 1218 Quin
1470 1157 1527 1208 et
1549 1149 1885 1208 Latinorum
1901 1171 2080 1225 porea
2101 1169 2172 1208 ex
2198 1151 2308 1208 hac
2337 1149 2708 1208 similitudine
2730 1148 2903 1206 ducta

622 1243 625 1246 ’
701 1245 994 1312 videatur3
1039 1243 1109 1301 de
1141 1262 1255 1320 qua
1284 1259 1421 1300 voce
1452 1240 1620 1319 plane
1653 1240 1850 1319 inepta
1880 1248 2015 1300 sunt
2053 1262 2183 1319 quae
2221 1240 2667 1300 comminiscitur
2696 1241 2898 1298 Varro.

702 1335 907 1413 Virgil.
934 1336 1069 1394 AEn.
1102 1335 1153 1392 Ι.
1192 1336 1326 1391 110.
1369 1335 1597 1390 dorsum
1624 1335 1864 1390 immane
1889 1335 2037 1390 mari
2061 1352 2290 1391 summo.

784 1478 922 1534 430.
980 1451 1303 1535 Θύννος.
1394 1474 1681 1550 Thynnas.
1768 1473 1962 1542 Piscis,
2003 1474 2166 1552 cujus
2196 1472 2506 1550 saepissime
2543 1473 2904 1550 apudscrip-

703 1570 855 1621 tores
881 1561 1107 1620 Atticos
1135 1560 1348 1618 mentio
1368 1561 1457 1618 fit.
1500 1560 1821 1619 Athenaeus
1841 1560 1983 1619 VII.
2013 1581 2074 1638 p.
2101 1563 2237 1618 303.
2270 1561 2339 1618 C.
2369 1563 2707 1643 μνημριεὺει
2731 1560 2790 1618 δὲ
2811 1566 2907 1620 τοῦ

652 1665 659 1672 ’
706 1655 910 1712 θύννου
948 1657 1037 1711 καὶ
1079 1653 1385 1729 Αἰσχύλος,
1434 1657 1651 1724 λέγων,
1694 1653 1911 1729 Σφύρας
1951 1652 2222 1729 δέχεσθαι
2265 1653 2674 1729 κᾶπιχαλκεύει
2709 1657 2906 1725 λέγων

707 1745 979 1819 Μύδρους,
1038 1744 1096 1801 ὃς
1150 1746 1469 1810 ἀστενακτί,
1522 1744 1724 1801 θύννος
1771 1749 1842 1801 ὡς
1891 1743 2096 1820 ηὔχετο
2129 1743 2430 1812 ”Αναυδος,
2480 1743 2580 1802 ubi
2627 1744 2904 1821 Toupiu8‚

707 1837 957 1913 ἠμίιχετο
1000 1833 1136 1892 satis
1181 1835 1322 1891 bene
1366 1833 1440 1891 ad
1482 1852 1709 1891 sensum
1753 1834 2054 1912 corrigenS,
2096 1853 2212 1892 non
2248 1834 2420 1891 modo
2456 1841 2701 1892 veterem
2738 1835 2908 1892 metri

707 1926 1086 2003 corruptelam
1131 1923 1405 1981 intactam
1448 1923 1732 2002 relinquit,
1784 1924 1883 1984 sed
1931 1932 1988 1982 et
2034 1944 2239 1983 novam
2291 1923 2636 1994 introducit;
2694 1926 2908 2003 qnippe

708 2020 1053 2096 ἂμύχεσθαι,
1102 2013 1151 2075 si
1202 2015 1367 2074 ullibi
1414 2022 1678 2084 exstaret,
1731 2016 2038 2075 secundam
2085 2015 2424 2092 corriperet:
2483 2016 2606 2074 sed-
2633 2037 2744 2075 vox
2789 2037 2910 2076 non

707 2109 875 2168 nauci
900 2116 1021 2177 est3
1056 2107 1293 2165 verbum
1321 2107 1474 2184 quod
1502 2107 1687 2169 solum
1715 2115 2026 2185 usurpatur
2053 2115 2139 2166 est
2167 2109 2417 2182 α’μύσσω.
2501 2108 2683 2185 Atqui
2709 2127 2908 2166 secun-

707 2201 848 2258 dum
887 2199 1031 2258 illud
1073 2205 1266 2273 λέγων
1304 2199 1423 2257 sine
1467 2198 1644 2255 dubio
1687 2198 2023 2276 ejiciendum
2068 2207 2188 2268 est3
2235 2219 2348 2277 quo
2384 2199 2552 2266 facto,
2602 2199 2791 2257 locum
2825 2199 2907 2256 sic

709 2289 1103 2358 constitueris;
1141 2291 1362 2368 Σφύρας
1391 2290 1682 2366 δέχεσθαι,
1715 2292 2154 2368 κάπιχαλκεύειν
2182 2291 2434 2368 μύδρους,
2453 2292 2559 2348 “Os
2587 2293 2904 2355 ἀστενακτί,

709 2384 905 2442 θύννος
936 2387 1023 2450 ὣς,
1056 2381 1675 2457 ἢμύσσετο,”Αναυδος.
1727 2381 2009 2459 Thynnus
2037 2382 2207 2446 enim,
2227 2390 2372 2440 teste
2389 2381 2630 2449 AElianO,
2652 2401 2716 2439 os
2737 2401 2906 2440 suum

706 2475 860 2533 ultro
878 2474 1240 2532 lacerandum
1257 2474 1501 2550 praebet.
1547 2471 1742 2548 Pergit
1763 2492 1894 2530 vero
1915 2473 2408 2542 Athenaeus—cai
2429 2472 2694 2550 α’λλάχου
2716 2471 2905 2530 οὕτως.

706 2567 945 2643 *ὄμμα
982 2565 1339 2642 παραβαλὼν
1376 2565 1583 2623 θύννου
1617 2563 1794 2634 δίκην.
1837 2571 1908 2623 ὡς
1946 2571 2041 2624 τοῦ
2075 2566 2282 2625 θύννου
2319 2571 2394 2643 τῷ
2431 2573 2602 2643 σκαιῷ
2640 2566 2912 2643 ὀφθαλμῷ

710 2663 774 2715 ού
804 2658 1137 2733 βλέποντος,
1189 2664 1257 2716 ὡς
1302 2661 1694 2728 Ἀριστοτέλης
1732 2658 1973 2731 εἴρηκεν.
2015 2656 2174 2715 unde
2211 2676 2314 2715 nos
2357 2656 2910 2733 Schweighoeuserus

708 2749 1123 2829 elegantissimo
1148 2748 1372 2821 ,senario
1400 2748 1604 2816 beavit,
1636 2742 1809 2806 Οὗτος
1854 2752 1943 2806 καὶ
1985 2747 2143 2823 ὄμμα
2187 2746 2541 2825 παραβαλὼν
2583 2751 2793 2806 θύννου
2834 2746 2912 2805 δί-

709 2867 831 2914 κην.
915 2842 1129 2901 Versus
1169 2840 1389 2917 integer
1431 2838 1641 2897 citatur
1684 2839 1754 2896 ab
1791 2838 2018 2896 AEliano
2053 2838 2130 2895 N.
2171 2840 2246 2897 A.
2287 2838 2397 2896 IX.
2427 2842 2526 2897 42.
2612 2838 2909 2897 Plutarch.

708 2956 770 3013 p.
801 2935 973 2993 1083.
1059 2932 1250 2991 Schol.
1276 2930 1523 3008 Oppian.
1552 2930 1688 2988 Hal.
1714 2929 1820 2987 IV.
1842 2934 1980 2989 525.
2027 2931 2106 2988 Τὸ
2135 2931 2333 2989 σκαιὸν
2357 2932 2512 3006 ὄμμα
2532 2930 2911 3007 παραβαλών,

712 3026 920 3083 θύννου
949 3024 1125 3095 δίκην.
1172 3023 1393 3080 Iterum
1410 3022 1622 3079 Noster
1639 3020 1794 3097 apud
1813 3021 2106 3079 Plutarch.
2131 3022 2189 3078 in
2213 3021 2438 3079 Lucull.
2457 3042 2518 3099 p.
2540 3024 2676 3081 899.
2699 3020 2915 3081 Θῦννος

710 3116 948 3191 βολαῖος
994 3121 1243 3187 πέλαγος
1296 3120 1366 3171 ὡς
1413 3111 1726 3188 διεστρόβει
1807 3111 1896 3168 Ex
1943 3112 2034 3169 his
2081 3112 2219 3170 locis
2261 3112 2404 3170 mihi
2448 3131 2781 3191 persuasum
2824 3122 2912 3172 est

711 3205 1050 3284 AEschylum
1093 3202 1489 3263 oblectamenti
1524 3222 1722 3260 caussa
1763 3203 2015 3279 thynnos
2055 3212 2323 3262 venatum
2355 3204 2557 3273 ivisse3
2602 3205 2754 3282 quod
2794 3205 2913 3284 pis-

712 3298 880 3357 candi
906 3318 1085 3377 genus
1110 3297 1266 3355 hunc
1292 3296 1352 3353 in
1380 3294 1615 3353 modum
1636 3295 1830 3353 fiebat.
1886 3293 2248 3353 Ascendebat
2269 3296 2502 3373 quidam
2529 3296 2618 3353 vel
2643 3296 2704 3353 in
2730 3296 2912 3355 altum

710 3390 1182 3468 promontorium,
1205 3387 1295 3445 vel
1316 3387 1376 3444 in
1398 3385 1613 3444 malum
1638 3386 1804 3443 litore
1831 3385 2091 3453 infixum,
2121 3387 2276 3444 unde
2303 3388 2654 3465 thynnorum
2681 3407 2908 3465 gregem

711 3484 1113 3565 specularetur,
1145 3500 1259 3558 quo
1286 3479 1424 3548 viso,
1461 3478 1688 3555 signum
1720 3477 2096 3556 piscatoribus
2133 3478 2322 3547 dabat,
2355 3479 2454 3557 qui
2481 3479 2696 3537 retibus
2722 3487 2911 3537 totum

711 3595 938 3653 gregem
960 3573 1345 3632 includebant.
1429 3570 1573 3627 Rem
1601 3570 1727 3627 fuse
1756 3568 2024 3626 describit
2053 3569 2434 3629 Philostratus
2460 3571 2522 3628 in
2553 3570 2711 3629 Icon.
2735 3571 2789 3629 Ι.
2816 3574 2909 3648 13.

711 3668 859 3724 inter
885 3664 994 3722 alia
1018 3664 1147 3721 haec
1173 3665 1684 3734 notanS,—dplorn
1713 3665 1746 3729 ὴ
1775 3664 1936 3735 θήρα.
1985 3670 2373 3738 σκοπιωρεΐται
2396 3662 2506 3740 ’γάρ
2536 3687 2616 3721 τις
2643 3662 2738 3741 ἀφ’
2765 3664 2908 3738 ὑψη-

715 3760 821 3815 λοῦ
845 3756 1031 3823 ξύλου,
1064 3752 1238 3830 ταχὺς
1264 3754 1374 3829 μὲν
1402 3752 1725 3827 ἀριθμῆσαι,
1755 3756 1856 3821 τὴν
1886 3752 1947 3809 δὲ
1977 3752 2112 3829 ὄψιν
2142 3754 2344 3812 ἱκανός.
2388 3753 2687 3831 Aristoph.
2711 3753 2910 3831 Equit.

716 3848 855 3903 313.
901 3845 1067 3901 Κιίπὸ
1110 3849 1216 3901 τῶν
1254 3848 1467 3919 πετρῶν
1516 3842 1738 3900 ἄνωθεν
1787 3840 1908 3901 τοῦς
1939 3846 2148 3920 ,πόρους
2195 3851 2622 3904 θυννοσκοπεῒν.
2665 3844 2766 3902 ubi
2792 3843 2911 3903 vid.

717 3935 909 3995 Schol.
933 3934 1225 3993 Theocrit.
1246 3934 1367 3992 III.
1390 3936 1485 3990 25.
1530 3934 1655 3991 Tana
1681 3932 1893 4007 βαίταν
1910 3935 2114 3995 α’ποδῦς
2143 3940 2200 3998 ές
2229 3938 2447 4014 κύματα
2475 3941 2616 4006 τῆνα
2644 3919 2909 4012 ἇλεῦμαι,

706 4026 887 4105 *⁸er
916 4032 1019 4087 τῶς
1048 4028 1261 4084 θύννως
1292 4023 1683 4084 σκοπιάσδεται
1701 4026 1913 4085 ’Όλπις
1940 4030 1970 4085 ὁ
1998 4026 2249 4104 γριπεύς.
2333 4026 2585 4104 Oppian.
2618 4026 2754 4085 Hal.
2787 4026 2910 4084 III.

714 4120 814 4178 fin.
844 4121 1007 4179 ’‘Evo’
1044 4120 1163 4191 ἤτοι
1200 4124 1415 4195 πρῶτον
1453 4118 1560 4193 μὲν
1598 4118 1685 4175 ἐπ’
1721 4118 1909 4195 ὄρθιον
1947 4118 2046 4195 ὕψι
2091 4120 2338 4179 κολωνὸν
2359 4119 2532 4195 Ἴδρις
2573 4116 2916 4195 έπεμβαίνει

714 4212 1103 4283 θυννοσκόπος,
1147 4214 1281 4272 ὅστε
1329 4210 1561 4282 κιούσαςι
1604 4218 1880 4270 Παντοίας
1926 4216 2142 4286 ἀγέλας
2189 4218 2564 4288 τεκμαίρεται,
2612 4214 2675 4269 αἵ
2720 4236 2782 4270 τε
2821 4216 2912 4269 καὶ

712 4308 898 4373 ὅσσαι,
930 4307 1239 4385 Πιφαύσκει
1267 4305 1311 4364 δ’
1333 4307 1631 4380 ἓταροῖσιν.
1714 4304 1896 4361 Varro
1917 4304 2070 4381 apud
2093 4304 2349 4362 Nonium
2371 4303 2556 4361 Marc.
2579 4324 2636 4361 v.
2667 4304 2916 4381 cetarii.

711 4399 843 4456 Non
872 4400 1387 4457 animadvertentes
1418 4396 1698 4464 Getarios,
1731 4414 1897 4469 quum
1931 4397 2124 4453 videre
2155 4395 2355 4453 volunt
2381 4396 2442 4453 in
2471 4397 2619 4453 mari
2648 4396 2914 4463 mannos,

712 4490 1056 4547 adscendere
1081 4493 1142 4547 in
1169 4492 1376 4549 malum
1413 4488 1551 4555 alte,
1584 4494 1654 4544 ut
1669 4486 1914 4563 penitus
1935 4507 2052 4563 per
2083 4506 2288 4562 aquam
2305 4488 2682 4563 perspiciant
2697 4488 2920 4568 pisces.
