3282 5193
675 407 823 477 158
902 419 911 427 ·
1527 422 2035 476 enossARmu

668 599 768 670 ἠδὲ
811 603 900 658 καὶ
944 603 1099 659 datm
1139 596 1420 667 Πιδόεται,
1456 601 1724 678 χολόεντι
1771 603 1901 658 νέον
1941 604 2374 676 πεφορυγμένον
2411 603 2498 678 ἰῷ.
2539 600 2652 661 nisi
2686 602 2881 682 legen-

669 691 810 749 dum
838 691 1041 751 πιδόει.

751 847 887 903 821.
947 828 1313 908 Πελανος.
1422 845 1686 904 Grumus.
1790 843 1984 904 Schol.
2028 843 2298 922 Apollon.
2355 843 2549 904 Rhod.
2597 847 2648 905 Ι.
2702 850 2878 911 1077.

669 939 928 992 πέλανοι.
971 940 1243 1010 πέμματα
1286 940 1443 991 ποῖα.
1484 935 1722 992 Ἀττικοὶ
1767 932 1828 991 δὲ
1869 935 1987 990 πᾶν
2030 932 2092 990 τὸ
2137 932 2393 1006 πεπηγὸς
2433 930 2578 991 οὕτω
2618 940 2877 1008 λέγουσι.

669 1030 917 1083 πέλανος
976 1027 1007 1082 ὁ
1055 1025 1507 1102 διαπεπηγμένος
1552 1027 1639 1083 καὶ
1691 1025 1932 1103 ῥυπαρὸς
1981 1023 2203 1101 [ἀφρὸς]
2254 1023 2404 1081 κατα.
2436 1023 2734 1085 Ἀττικούς.
2807 1034 2881 1086 ὡς

669 1119 754 1176 καὶ
794 1117 1089 1193 Εὐριπίδης
1128 1115 1346 1192 (Orest.
1378 1114 1548 1193 214.)
1595 1119 1868 1192 στόματος
1910 1116 2140 1193 ἀφρώδη
2177 1121 2457 1175 πέλανον.
2564 1116 2757 1175 Schol.
2802 1119 2880 1177 ad

667 1208 959 1286 Euripidis
1017 1209 1225 1278 locum,
1284 1213 1539 1268 πέλανον
1592 1211 1845 1267 ἐνταῦθα
1901 1209 2001 1266 τὸν
2057 1211 2361 1281 πεπηγότα
2400 1208 2578 1287 ῥύπον
2620 1211 2727 1266 ὑπὸ
2783 1215 2881 1270 τοῦ

666 1303 861 1378 ἀφροῦ,
891 1300 1043 1358 unde
1068 1320 1265 1359 vocem
1293 1301 1462 1378 ἀφρὸς
1486 1299 1549 1357 in
1576 1298 1869 1378 Apollonii
1897 1298 2221 1357 Scholiasta
2249 1299 2529 1376 supplevi.
2614 1301 2871 1380 Etymol.

666 1392 757 1451 M.
800 1413 861 1470 p.
898 1394 1031 1462 659,
1069 1397 1161 1452 15.
1203 1393 1438 1452 Ἀττικοὶ
1466 1393 1526 1451 δὲ
1553 1398 1791 1467 λέγουσι
1821 1397 2074 1450 πέλανον
2103 1394 2221 1449 πᾶν
2248 1392 2310 1450 τὸ
2339 1395 2614 1465 πεπηγός,
2645 1398 2716 1449 ὡς
2749 1397 2856 1450 Εὐ-

662 1484 874 1559 ριπίδης
906 1489 1033 1559 περὶ
1064 1490 1159 1545 τοῦ
1184 1490 1361 1562 ἀφροῦ
1386 1489 1510 1555 περὶ
1538 1482 1664 1544 τοῦς
1691 1484 1946 1543 ὀδόντας.
2007 1482 2326 1541 Scholiasta
2351 1482 2427 1540 ad
2447 1503 2500 1540 v.
2527 1485 2665 1542 209.
2693 1482 2870 1560 hujus

665 1575 895 1642 fabulae‚
920 1584 1183 1646 πέλανος,
1222 1583 1412 1654 κυρίως
1440 1579 1470 1636 ὃ
1501 1582 1778 1652 πεπηγὼς
1807 1575 1996 1650 ῥύπος.
2078 1573 2330 1633 Ἀλλως.
2373 1578 2404 1633 ὁ
2434 1576 2604 1653 ἀφρὸς
2649 1575 2680 1631 ὁ
2715 1579 2871 1647 γινό-

664 1691 831 1743 μενος
858 1670 923 1726 ἐν
952 1675 1023 1748 τῇ
1045 1667 1242 1746 χύτρᾳ.
1298 1671 1511 1728 Noster
1537 1670 1782 1728 Eumen.
1816 1669 1954 1725 265.
1991 1666 2327 1744 sanguinem
2354 1675 2521 1724 vocat
2548 1668 2780 1744 ἐρυθρὸν
2808 1670 2870 1726 ἐκ

663 1763 889 1835 μελέων
914 1766 1186 1818 πέλανον.
1244 1759 1444 1836 Eurip.
1474 1758 1692 1816 Alcest.
1723 1760 1864 1817 850.
1899 1757 2038 1834 Iph.
2061 1756 2134 1814 Τ.
2171 1759 2309 1816 300.
2354 1758 2662 1835 αἱματηρὸν
2689 1764 2871 1817 πέλα-

667 1873 787 1908 νον.
858 1851 1068 1908 Incert.
1102 1850 1277 1908 Rhes.
1318 1852 1456 1908 430.
1502 1850 1808 1926 αἱματηρὸς
1850 1855 2119 1907 πέλανος.
2202 1848 2292 1906 De
2337 1848 2550 1926 pituita
2588 1849 2648 1907 in
2689 1850 2868 1909 oculis

664 1939 1009 2002 Heliodorus
1037 1962 1129 2020 ap.
1149 1941 1309 2000 Stob.
1328 1961 1390 2019 p.
1413 1945 1524 1999 421
1539 1985 1553 2000 .
1598 1941 1886 2018 κεροειδέα
1916 1941 1960 2000 δ’
1987 1943 2130 2019 ἀμφὶ
2151 1946 2371 2018 χιτῶνα
2389 1942 2558 2000 Οἶδος
2577 1947 2866 2003 πιαλέοισι

658 2031 955 2109 περιβριθῆ
981 2033 1303 2093 πελάνοισι.

738 2176 881 2236 822.
939 2154 1209 2256 Δωρίς.
1292 2175 1800 2249 Peloponnesiaco.
1886 2173 2206 2240 Λακωνικὴ.
2237 2171 2430 2230 Schol.
2460 2173 2652 2233 minus
2679 2182 2856 2234 recte.

659 2261 947 2319 Theocrit.
966 2260 1241 2319 Adoniaz.
1266 2265 1360 2321 92.
1408 2264 1904 2319 Πελοποννασιστὶ
1935 2262 2239 2336 λαλεῦμες.
2273 2259 2557 2334 Δωρίσδεν
2587 2261 2630 2319 δ’
2657 2264 2858 2332 ἔξεστι,

660 2352 812 2421 δοκῶ,
855 2360 964 2412 τοῖς
1006 2359 1334 2428 Δωριέεσσι.
1444 2350 1714 2430 Thucyd.
1753 2351 1864 2410 VI.
1907 2353 2001 2414 77.
2047 2352 2133 2410 ὅτι
2171 2353 2268 2408 οὐκ
2292 2352 2489 2410 Ἴωνες
2519 2352 2654 2412 τάδε
2695 2359 2863 2422 εἰσίν,

656 2429 767 2523 οὖχ
798 2443 1250 2516 Ἑλλησπόντιοι,
1291 2447 1377 2502 καὶ
1422 2445 1927 2515 νησιῶται-ἁλλὰ
1968 2449 2198 2518 Δωριεῖς
2239 2444 2522 2520 ἐλεύθεροι
2568 2445 2663 2501 ἀπ’
2698 2450 2860 2506 αὖτο-

660 2538 833 2612 νόμου
875 2541 969 2608 τῆς
1015 2539 1456 2605 Πελοποννήσου
1508 2539 1609 2607 τὴν
1661 2538 1929 2592 Σικελίαν
1977 2538 2278 2594 οἰκοῦντες.
2376 2535 2562 2594 Miror
2607 2537 2865 2614 profecto

656 2630 995 2709 AEschylum
1035 2636 1259 2687 tantum
1302 2627 1532 2689 honoris
1570 2625 2062 2703 Peloponnesiacis
2097 2626 2397 2685 tribuisse:
2443 2626 2634 2687 forsan
2660 2628 2864 2707 aliquis

656 2720 973 2799 suspicetur
999 2720 1105 2777 hos
1131 2738 1325 2778 versus
1352 2719 1411 2776 in
1440 2718 1690 2777 secunda
1726 2716 1899 2794 hujus
1925 2716 2136 2776 fabulae
2174 2718 2677 2797 repraesentatione
2703 2720 2862 2779 addi-

655 2820 745 2871 tos
772 2812 962 2881 fuisse,
992 2810 1053 2869 in
1082 2810 1566 2890 Syracusanorum
1594 2808 1860 2887 gratiam.

736 2971 874 3027 823,
931 2947 1095 3026 Θίς.
1186 2966 1472 3024 emulus.
1557 2962 1802 3021 Ptolem.
1837 2961 2102 3021 Ascalon.
2137 2963 2190 3037 ς.
2231 2964 2321 3019 14.
2356 2961 2547 3021 ’Ami
2574 2969 2684 3040 μέν
2714 2967 2862 3023 εισι.»

654 3055 706 3113 οἶ
746 3056 1039 3129 πετρώδεις
1084 3058 1245 3113 τόποι
1286 3056 1687 3127 παρακείμενοι
1731 3054 1801 3128 τῇ
1835 3050 2120 3132 θαλάσσῃ,
2162 3049 2278 3107 ἀπὸ
2322 3053 2422 3107 τοῦ
2460 3052 2746 3123 ἄγνυσθαι
2790 3055 2860 3112 τὰ

654 3146 869 3222 κύματα
898 3152 1015 3204 ταῖς
1046 3153 1270 3221 πέτραις
1296 3143 1829 3218 προσαρασσόμενα.
1901 3146 2071 3198 Θῖνες
2099 3139 2160 3197 δὲ
2187 3140 2239 3197 οἱ
2267 3139 2548 3217 ἀμμώδεις
2577 3145 2856 3215 αἶγιαλοί.

657 3235 772 3295 Sed
798 3241 879 3294 θίς
907 3237 1135 3315 proprie
1165 3238 1333 3310 σῶρος
1361 3239 1468 3290 est.
1545 3230 1758 3308 Odyss.
1789 3230 1879 3289 M.
1910 3234 2006 3289 45.
2054 3229 2231 3288 πολῦς
2258 3230 2302 3289 δ’
2330 3232 2464 3310 ἀμφ’
2484 3234 2744 3311 ὀστεόφιν
2773 3239 2857 3294 θὶς

654 3328 903 3405 Ἀνδρῶν
930 3332 1280 3408 πυθομένων,
1312 3344 1443 3403 quae
1482 3322 1741 3381 imitatus
1781 3329 1867 3380 est
1907 3320 2259 3380 Themistius
2287 3322 2389 3380 Or.
2423 3323 2544 3381 111.
2574 3344 2719 3383 vers.
2751 3326 2852 3385 fin.

654 3424 881 3495 κρημνοὶ
910 3421 971 3480 δὲ
998 3422 1131 3480 αὐτὸ
1160 3422 1249 3478 καὶ
1286 3418 1581 3495 φάραγγες
1620 3420 1909 3493 περεῖχον,
1941 3415 2032 3473 καὶ
2065 3417 2218 3473 θῖνες
2246 3415 2457 3474 ὀστέων
2485 3419 2854 3492 ἀνθρωπίνων

655 3516 1084 3592 σεσωρεῦμενοι.

656 3706 661 3713 ·
731 3678 891 3735 Ibid.
945 3664 993 3715 *
1012 3648 1546 3756 Τριτόσπορος
1584 3646 1801 3750 γονή.
1932 3669 2184 3727 Tertium
2232 3676 2597 3745 posterorum
2650 3692 2853 3746 genus.

655 3763 849 3823 Simile
876 3764 993 3822 fere
1020 3758 1399 3837 compositum
1423 3758 1770 3830 θηλύσπορος
1802 3754 2094 3813 Prometh.
2120 3757 2262 3814 880.
2335 3756 2556 3815 Locum
2583 3758 2664 3817 sic
2683 3760 2856 3817 vertit

654 3852 889 3911 Grotius
909 3875 925 3909 ε
954 3856 1211 3926 Aqyesta
1233 3848 1469 3907 cumulis
1484 3866 1610 3904 ossa
1634 3848 1758 3904 sine
1785 3847 1935 3905 vocis
1959 3865 2112 3915 ςοηο,
2136 3848 2543 3907 Documentum
2561 3851 2643 3906 ad
2664 3850 2856 3908 oculos

654 3946 847 4002 tertioe
864 3944 1302 4018 eobolisserent‚
1331 3939 1587 3997 Caveant
1601 3938 1716 3995 sibi
1723 3938 1961 4012 placere
1979 3939 2250 3996 mortales
2266 3940 2449 4007 nimis,
2468 3938 2530 3996 in
2549 3940 2854 4017 postremis

650 4034 841 4093 minus
880 4042 1159 4094 accurate.
1241 4031 1388 4090 Vide
1416 4030 1487 4087 de
1528 4028 1806 4087 sententia
1838 4028 2206 4088 disserentem
2233 4028 2706 4090 Valckenaerium
2731 4031 2855 4089 Ad-

648 4133 772 4184 not.
796 4126 941 4186 Crit.
970 4127 1031 4185 in
1058 4126 1213 4183 Loca
1238 4121 1505 4201 quaedam
1533 4120 1612 4178 N.
1645 4120 1712 4177 F.
1742 4140 1802 4197 p.
1834 4120 1977 4179 328.

590 4364 603 4375 ,
728 4297 866 4354 825.
920 4268 1330 4376 ’Υπὲρφεω
1416 4290 1608 4362 Supra
1628 4288 1870 4343 modum.
1951 4285 2266 4363 Phrynich.
2290 4288 2572 4364 Apparat.
2594 4288 2850 4366 Sophist.

646 4400 707 4457 p.
732 4383 830 4439 51.
896 4380 1093 4451 Μηδὲν
1112 4381 1378 4455 ὑπέρφευ.
1406 4380 1698 4451 Κρατῖνος.
1730 4376 1824 4429 ἐπὶ
1850 4371 2028 4449 (ἀντὶ)
2061 4375 2157 4431 τοῦ
2182 4373 2362 4450 μηδὲν
2385 4379 2565 4448 ἄγαν.
2589 4383 2647 4433 et
2665 4395 2726 4452 p.
2749 4378 2848 4436 69.

642 4470 811 4549 ’Υπὲρ
852 4473 914 4531 τὸ
954 4478 1081 4550 φεῦ.
1138 4470 1257 4528 οἷον
1297 4466 1778 4544 ὑπερβαλλόντως
1806 4467 1896 4524 καὶ
1925 4467 2312 4535 ἐκπληκτικῶς.
2373 4466 2435 4525 τὸ
2477 4466 2594 4543 γὰρ
2623 4475 2729 4545 φεῦ
2755 4468 2852 4525 ἐπὶ
