3282 5193
651 405 799 478 120
1502 426 2004 480 smssARmM

733 621 870 682 370.
927 600 1225 701 Φλέγω.
1324 619 1456 676 Uro.
1539 618 1781 684 Active;
1821 618 1975 675 utin
2001 617 2185 676 Theb.
2213 621 2347 680 272.
2370 622 2505 678 509.
2548 618 2649 677 ubi
2670 619 2817 677 vide.

732 773 839 834 371
856 814 869 828 .
925 748 1276 844 Τέμενος.
1365 767 1671 843 Templum.
1756 766 1990 845 Proprie
2029 786 2180 836 vero,
2225 776 2448 844 septum
2500 771 2606 826 deo
2660 790 2846 828 come-

652 864 890 926 eratum,
922 863 1089 914 terrae
1124 854 1313 932 portio
1348 875 1479 932 quae
1506 857 1904 932 ἀποτέμνεται.
1987 854 2135 913 Cum
2168 861 2362 913 nostro
2402 855 2442 913 J
2445 873 2528 913 os,
2573 855 2840 932 Scaliger.

650 947 711 1005 in
727 947 968 1024 Van-on.
988 967 1049 1024 p.
1076 949 1170 1008 98.
1192 945 1409 1004 confert
1432 945 1641 1004 Pacuv.
1663 965 1756 1024 ap.
1776 946 2014 1003 Varron.
2035 945 2106 1003 de
2127 945 2198 1004 L.
2219 945 2289 1004 L.
2309 966 2369 1023 p.
2397 948 2494 1004 66.
2561 948 2613 1005 Ο
2638 967 2844 1021 magma

654 1039 864 1114 templa
892 1040 1145 1097 coelitum'
1167 1039 1464 1096 commixta
1491 1039 1714 1094 atellei&
1738 1038 2089 1113 splendide&
2109 1061 2127 1094 .·
2172 1056 2244 1095 en
2271 1037 2458 1106 Ennii,
2485 1039 2696 1096 coerula
2718 1040 2846 1096 coeli

655 1129 906 1205 Templa.
990 1128 1083 1186 Sic
1103 1129 1336 1188 Lucret.
1353 1128 1461 1186 VI.
1492 1129 1666 1186 1226.
1713 1131 1840 1186 coeli
1858 1128 2069 1204 templa
2088 1130 2258 1187 tueri.
2343 1129 2440 1187 Sic
2458 1129 2510 1186 I.
2539 1132 2710 1187 1013.
2745 1129 2847 1187 ubi

649 1219 766 1278 vid.
794 1219 1134 1279 Wakefield.

731 1363 868 1422 372.
925 1344 1233 1443 Στῖφος.
1318 1361 1452 1419 Vid.
1480 1379 1653 1439 supra
1683 1363 1780 1419 20.

648 1583 653 1590 ἡ
730 1511 869 1572 373.
922 1487 1392 1588 Ἀλῖῤῥοθοςκ
1476 1508 1551 1566 In
1588 1529 1697 1584 quo
1731 1511 1890 1566 unda
1916 1517 2252 1568 murmurat.
2335 1508 2470 1568 vid.
2501 1510 2756 1570 Glossar.
2783 1510 2846 1569 in

653 1595 945 1654 Prometh.
972 1597 1143 1654 1084.
1186 1593 1277 1652 ed.
1307 1598 1365 1652 2.
1410 1603 1469 1653 et
1506 1595 1567 1652 in
1607 1595 1794 1653 Theb.
1827 1598 1881 1658 7.
1967 1596 2310 1672 Harpocrat.
2355 1617 2410 1654 v.
2455 1601 2846 1672 Πάριοι-καὶ

650 1688 808 1762 πόροι
848 1689 1156 1763 ἁλιῤῥόθιοι
1210 1691 1361 1762 παρὰ
1417 1691 1708 1762 Σοφοκλεῖ,
1759 1689 1936 1760 ἤγουν
1992 1691 2229 1765 ποταμοὶ
2278 1693 2355 1747 εἷς
2403 1694 2505 1759 τὴν
2553 1692 2846 1750 θάλατταν

648 1781 888 1856 ῥέοντες.
931 1795 1136 1855 nempe
1162 1776 1325 1858 Ajac.
1356 1781 1494 1836 412.
1539 1779 1604 1835 ἰὼ
1630 1779 1790 1854 πόροι
1819 1781 2129 1856 ἆλίῤῥοθοι.

637 1903 643 1908 ’
729 1919 866 1980 377.
926 1899 997 1974 Π
1000 1896 1455 1998 ροκεῖμενος.
1539 1918 1968 1994 Promulyatus.
2055 1919 2143 1978 De
2173 1919 2298 1997 Iege
2334 1919 2561 1998 proprie
2600 1920 2844 1982 dictum.

651 2002 831 2084 Soph.
852 2003 987 2061 OEd.
1006 2003 1076 2060 T.
1102 2006 1239 2063 865.
1270 2001 1348 2062 ὦν
1379 2003 1537 2084 νόμοι
1562 2008 1902 2082 πρόκεινται.
1975 2005 2174 2084 Eurip.
2199 2007 2336 2084 Iph.
2356 2006 2493 2064 Aul.
2520 2009 2690 2068 1189.
2727 2009 2847 2067 Τὸν

651 2101 825 2171 νόμον
852 2097 1077 2168 ἀνάγκη
1120 2095 1218 2154 τὸν
1245 2103 1611 2174 προκείμενον
1653 2096 1872 2172 σέβειν.
1958 2097 2136 2174 Soph.
2166 2097 2368 2174 Antig.
2398 2101 2538 2156 481.
2623 2103 2844 2175 Νόμους

648 2187 1071 2265 ὑπερβαίνουσα
1113 2187 1236 2247 τούς
1276 2195 1687 2268 προκειμένους.
1772 2188 2041 2247 Ceterum
2075 2187 2145 2246 de
2180 2187 2289 2246 hac
2319 2188 2642 2247 conditione
2677 2191 2752 2249 cf.
2786 2189 2838 2249 Ῑ.

651 2279 832 2357 Regg.
862 2299 959 2337 xx.
991 2281 1087 2339 39.
1132 2283 1221 2338 καὶ
1252 2279 1384 2345 ἰδοῦ,
1414 2284 1554 2356 ἀνὴρ
1594 2283 1880 2354 εἰσήγαγε
1916 2269 2050 2354 πρός
2086 2303 2160 2354 με
2198 2279 2394 2356 ἄνδρα,
2426 2284 2514 2338 καὶ
2552 2281 2677 2339 εἶπε
2705 2285 2844 2356 πρός

644 2396 737 2448 με,
768 2372 1027 2437 Φύλαξον
1053 2376 1246 2430 τοῦτον
1276 2374 1372 2430 τὸν
1401 2373 1598 2445 ἄνδρα·
1646 2372 1750 2431 ἐὰν
1779 2373 1840 2430 δὲ
1867 2371 2119 2442 ἐκπηδῶν
2147 2373 2451 2451 ἐκπηδὴσῃ,
2483 2376 2574 2430 καὶ
2611 2376 2768 2432 ἔσται
2808 2378 2843 2444 ἡ

648 2465 805 2540 ψυχὴ
837 2465 937 2521 σοῦ
963 2466 1088 2522 ἀντὶ
1117 2469 1209 2535 τῆς
1240 2465 1422 2543 ψυχῆς
1450 2467 1643 2524 αὐτοῦ.
1729 2463 1862 2521 Vid.
1893 2471 1951 2520 et
1978 2462 2065 2560 11.
2097 2463 2278 2540 Regg.
2310 2483 2368 2521 x.
2400 2468 2498 2522 24.

724 2605 864 2666 378.
905 2573 1311 2680 Ἐκθυμοςκ
1394 2603 1620 2661 Amene.
1706 2601 1904 2659 Minus
1946 2609 2096 2660 reete
2140 2601 2488 2680 Hesychius,
2539 2606 2842 2682 Ἐκθύμως.

644 2690 951 2769 προθῦμως,
982 2690 1121 2748 κατιί
1164 2692 1377 2768 ψυχήν.
1462 2689 1575 2747 Sed
1600 2689 1726 2765 lege
1753 2692 1850 2747 Ἐκ
1889 2691 2086 2767 θυμοῦ.
2129 2688 2246 2746 vid.
2279 2688 2531 2747 Glossar.
2560 2690 2622 2748 in
2649 2691 2838 2751 Theb.

642 2786 781 2846 871.
866 2780 1101 2839 Dixerat
1142 2780 1431 2839 Homerus
1473 2782 1535 2839 ἐκ
1578 2783 1755 2858 θυμοῦ
1794 2788 2041 2851 πεσέειν,
2071 2780 2172 2839 sed
2207 2779 2401 2856 paullo
2438 2780 2634 2840 durius
2675 2792 2843 2842 sonat

643 2876 883 2953 ἐκθῦμου
908 2875 1129 2953 φρενός.

718 3017 857 3074 382.
912 2987 1381 3093 Τροπόομαι.
1425 3014 1660 3072 Remum
1673 3015 2100 3090 strupoadliyo.
2123 3014 2381 3091 Hesych.
2405 3016 2836 3091 Τρυπῶσασθαι.

638 3104 702 3161 τὸ
730 3106 831 3170 τὴν
860 3102 1049 3171 κώπην
1077 3100 1210 3176 πρὸς
1239 3104 1338 3158 τὸν
1366 3102 1621 3179 σκαλμὸν
1652 3100 1816 3171 δῆσαι
1845 3105 1916 3179 τῷ
1954 3106 2276 3177 τροπωτῆρι.
2363 3101 2556 3159 Schol.
2613 3106 2841 3178 Τροπω-

638 3197 759 3269 τήρ,
789 3196 819 3250 ὁ
847 3191 1133 3269 δεσμεύων
1162 3195 1264 3261 τὴν
1291 3192 1479 3262 κώπην
1507 3192 1641 3263 πρὸς
1669 3198 1742 3271 τῷ
1772 3196 2020 3270 σκαλμ-ῷ.
2109 3191 2304 3251 Gloss.
2325 3191 2483 3250 Vett.
2508 3195 2832 3271 Τροπωτὴρ.

638 3286 907 3360 Str-napus.
993 3283 1266 3341 Isodorus
1287 3281 1449 3359 Orig.
1475 3283 1611 3341 XX.
1636 3286 1696 3342 4.
1767 3284 1989 3358 Strupi,
2014 3284 2241 3341 vincula
2262 3283 2384 3341 loro
2403 3284 2494 3340 vel
2511 3284 2628 3341 lino
2631 3286 2834 3360 facta,

638 3378 839 3452 quibus
865 3377 1007 3434 remi
1046 3376 1128 3433 ad
1163 3374 1403 3432 scalmos
1442 3364 1781 3449 alliyantur.
1869 3374 2164 3432 Vitruvius
2193 3374 2268 3431 X.
2301 3376 2358 3431 8.
2403 3393 2436 3431 a
2459 3372 2837 3451 Wesselingio

637 3466 969 3525 emendatus
997 3466 1138 3525 Obs.
1161 3465 1249 3523 II.
1272 3468 1369 3524 28.
1411 3466 1611 3523 Etiam
1628 3469 1770 3524 remi
1789 3468 1944 3524 circa
1965 3468 2202 3523 scalmos
2219 3468 2442 3540 strapis
2460 3466 2699 3538 reliyati
2713 3486 2836 3524 cum

636 3560 895 3616 manibus
912 3557 1285 3633 impelluntur
1306 3564 1367 3614 et
1386 3558 1761 3615 reducuntur.
1832 3556 2090 3625 Photius,
2113 3554 2333 3623 Suidas‚
2353 3562 2412 3613 et
2438 3554 2835 3633 Etymologus,

635 3652 1009 3725 Τροπωτήρες,
1039 3647 1091 3705 οἱ
1132 3649 1364 3725 ἵμαντες
1404 3648 1455 3706 οἶ
1497 3650 1563 3705 ἐν
1603 3654 1716 3706 τοῖς
1756 3653 1989 3716 πλοίοις,
2022 3650 2086 3704 ἓν
2115 3645 2192 3704 οἷς
2234 3646 2292 3705 αἱ
2334 3650 2510 3703 κῶπαι
2548 3650 2678 3723 περὶ
2710 3646 2867 3706 τοῦς.

640 3738 919 3817 σκαλμοῦς
947 3736 1321 3814 περιδέονται.
1406 3737 1658 3815 Corrige,
1692 3736 1797 3796 σῦν
1825 3740 1905 3797 οἷς
1932 3740 1992 3798 αἶ
2021 3743 2221 3797 κῶπαι.
2307 3737 2500 3796 Schol.
2530 3737 2832 3817 Aristoph.

636 3831 887 3890 Acharn.
920 3832 1057 3891 547.
1100 3828 1498 3905 Τροπωτήρων.
1542 3832 1652 3887 τῶν
1691 3829 1936 3906 ἱμάντων
1964 3836 2074 3889 τῶν
2106 3828 2460 3889 συνδεόντων
2485 3830 2586 3889 τὸν
2623 3832 2834 3891 πάττα-

626 3930 759 3991 λον,
794 3920 977 3998 (λέγω
1006 3919 1067 3978 δὲ
1105 3920 1203 3978 τὸν
1235 3917 1515 3997 σκαλμὸν)
1546 3925 1649 3990 τὴν
1677 3923 1888 3991 κώπην.
1974 3920 2186 3990 Scribe,
2218 3925 2309 3978 καὶ
2353 3924 2457 3990 τὴν
2499 3924 2711 3991 κώπην,
2741 3922 2834 3980 vel

634 4016 768 4092 πρὸς
795 4014 894 4073 τὸν
921 4014 1236 4071 πάτταλον.
1322 4010 1527 4068 Pollux
1555 4010 1605 4068 Ι.
1638 4014 1734 4075 87.
1776 4015 1866 4069 καὶ
1903 4011 2040 4071 ὅθεν
2068 4014 2176 4091 μὲν
2209 4012 2267 4069 αἱ
2305 4016 2484 4071 κῶπαι
2525 4012 2830 4083 ἑκδὲονται,

635 4110 903 4183 σκαλμός·
933 4102 978 4185 ᾦ
1003 4103 1065 4162 δὲ
1092 4102 1395 4171 ἐκδὲονται,
1420 4109 1724 4179 τροπωτὴρ·
1755 4107 1845 4162 καὶ
1865 4107 2263 4180 τροπώσασθαι
2290 4108 2392 4173 τὴν
2422 4107 2583 4162 ναῦν.
2657 4104 2834 4181 Apud

636 4199 872 4259 Lucian.
905 4198 1086 4256 Mort.
1113 4192 1263 4253 Dial.
1286 4194 1357 4253 Τ.
1382 4195 1433 4253 Ι.
1457 4215 1516 4271 p.
1541 4197 1680 4253 341.
1764 4195 2088 4254 Mercurius
2115 4196 2195 4253 ait
2223 4214 2283 4253 se
2311 4194 2590 4253 Charonti
2617 4218 2830 4270 τροπω-

634 4296 774 4367 τῆρα
814 4289 1015 4347 emisse
1056 4288 1148 4346 δύο
1189 4286 1433 4359 ὀβολῶν.
1477 4284 1550 4343 cf.
1582 4284 1883 4363 Aristoph.
1914 4286 2065 4344 Ach.
2099 4288 2235 4347 549.
2321 4284 2630 4362 Antiquius
2669 4304 2834 4343 voca-

631 4382 835 4439 bulum
882 4379 992 4437 fuit
1035 4382 1253 4456 τροπός.
1336 4376 1545 4453 OdySS.
1576 4383 1648 4463 ᾼ.
1693 4378 1828 4438 782.
1887 4377 2227 4453 Ἠρτύνοντο
2273 4376 2316 4434 δ’
2360 4376 2569 4453 ε’ρετμιὶ
2613 4383 2832 4451 τροποῖς

636 4473 700 4529 ἐν
746 4472 1141 4549 δερματίνοισι.
1198 4470 1297 4528 ubi
1338 4467 1451 4529 vid.
1492 4467 1684 4526 Schol.
1717 4476 1773 4525 et
1816 4468 2076 4545 Hesyeh.
2111 4468 2172 4525 in
2211 4487 2363 4526 voce.
2445 4466 2838 4526 Antiatticista
