3282 5193
597 443 708 516 xii
1531 457 1969 511 PRAEPAno.

597 651 765 723 lum
800 647 1032 722 Chori
1076 646 1548 743 obsequium,
1588 645 1774 718 dum
1806 631 2054 718 varios
2102 645 2377 718 doloris
2432 648 2907 744 exprimendi

597 775 886 859 modos,
941 795 988 845 a
1040 772 1296 844 Xerxe
1355 770 1690 857 edootuS,
1748 770 2081 856 adhibet,
2136 795 2205 843 v.
2262 774 2483 844 1039.
2556 775 2633 844 et
2694 796 2900 869 seqq.

597 899 892 971 Verum
925 897 1068 969 hoo
1109 919 1156 968 a
1194 899 1419 992 poeta
1458 894 1772 969 oonsilio
1806 894 2099 966 factum
2132 893 2366 966 fuisse
2412 894 2761 982 arbitror,
2813 900 2905 968 ut

597 1017 1198 1094 Atheniensibus
1231 1018 1474 1090 risum
1505 1019 1884 1108 moveret3
1940 1020 2018 1089 et
2042 1017 2295 1090 nescio
2330 1041 2430 1089 an
2456 1018 2718 1090 eodem
2751 1019 2907 1091 fine

600 1144 923 1219 totidem
955 1141 1266 1214 finxerit
1304 1142 1712 1214 Persarum
1744 1140 2080 1225 nomina,
2121 1164 2293 1237 quae
2339 1164 2557 1214 aures
2603 1142 2907 1214 Atticas

601 1269 896 1343 ludicra
947 1266 1277 1363 quadam
1331 1265 1683 1339 scabritie
1713 1245 2160 1338 ‘titium-ent.
2266 1265 2633 1338 Videmus
2667 1266 2908 1362 igitur

604 1392 954 1491 quaedam
985 1391 1262 1464 veteris
1313 1390 1731 1486 tragoediae,
1772 1412 1944 1485 quae
1980 1389 2178 1463 circa
2209 1412 2329 1461 res
2374 1389 2705 1463 ludicras
2739 1415 2903 1463 ver-

597 1517 936 1600 sabatur,
972 1513 1314 1608 vestigia.
1419 1511 1712 1584 Eadem
1743 1512 1900 1584 fere
1934 1511 2179 1609 culpa,
2217 1535 2400 1583 nam
2445 1514 2646 1584 certe
2680 1511 2906 1607 culpa

595 1643 740 1724 est,
797 1634 1151 1733 Euripidi
1209 1633 1649 1730 objicienda,
1714 1635 1847 1731 qui
1911 1635 2168 1708 looum
2232 1634 2461 1731 plane
2528 1635 2906 1708 comicum

601 1762 857 1863 posuit
891 1760 978 1832 in
1011 1761 1279 1833 Oreste
1310 1783 1382 1832 v.
1421 1761 1641 1831 1520.
1750 1759 1921 1832 Hac
1964 1758 2335 1831 nimirum
2368 1759 2451 1830 in
2482 1763 2701 1856 parte
2733 1783 2903 1856 peo-

603 1887 804 1962 eavit
835 1887 1201 1981 uterque3
1257 1885 1334 1956 et
1369 1883 1631 1956 eodem
1655 1882 1851 1979 jure,
1878 1907 2029 1980 quo
2049 1883 2451 1980 Euripides
2479 1884 2727 1957 dietus
2762 1889 2902 1972 est,

601 2012 836 2084 etiam
868 2008 1270 2106 AEsohylus
1304 2008 2017 2104 ῥακιοσυρῥαπτᾶὃηε*
2058 2006 2205 2080 diei
2238 2007 2632 2104 potuisset.

708 2143 754 2176 “
779 2135 922 2206 Est
990 2135 1250 2206 autem
1315 2129 1727 2216 notabile,”
1786 2131 2018 2203 verba
2086 2134 2266 2203 sunt
2334 2129 2740 2232 Tyrwhitti
2808 2130 2906 2202 ad

602 2255 1038 2334 Aristotelis
1107 2253 1390 2328 Poetio.
1446 2279 1519 2351 p.
1565 2257 1737 2326 135.
1798 2263 1844 2294 “
1866 2253 1949 2325 in
2010 2253 2349 2350 AEschyli
2399 2255 2675 2341 PersiS,
2732 2277 2905 2351 quae

602 2387 774 2460 acta
826 2383 940 2454 est
999 2378 1392 2452 Archonte
1459 2377 1818 2465 Menone,
1890 2377 2008 2450 01.
2070 2377 2439 2450 LXXVI.
2512 2383 2583 2451 4.
2655 2379 2905 2452 multo

599 2506 1147 2605 frequentiores
1201 2501 1552 2576 interseri
1609 2502 2009 2588 trochaeOS,
2068 2526 2302 2600 quam
2368 2503 2453 2575 in
2510 2503 2673 2575 uHa
2731 2525 2904 2600 quae

600 2632 852 2705 exstat
936 2629 1328 2726 tragoedia.
1484 2626 1830 2699 Eandem
1913 2649 2092 2699 vero
2176 2651 2272 2700 ex
2356 2626 2905 2723 antiquissimis

603 2777 867 2831 earum
935 2776 1123 2851 quas
1184 2751 1552 2825 habemus
1603 2749 1840 2823 fuisse
1907 2753 2231 2838 constat,
2286 2754 2556 2849 utpote
2613 2752 2697 2823 in
2752 2774 2905 2848 qua

598 2879 875 2956 tertius
925 2876 1197 2950 histrio
1248 2898 1631 2971 nusquam
1682 2873 2068 2971 apparet.”
2177 2875 2578 2964 Quantum
2618 2874 2716 2950 ad
2748 2878 2901 2947 tro-

603 3006 852 3079 ohaeos
919 3000 1220 3085 attinet,
1293 2999 1360 3070 si
1424 2998 1855 3071 tetrametri
1920 2998 2377 3084 innuuntur,
2450 2998 2542 3070 de
2626 2988 2904 3093 quibus

601 3126 944 3225 loquitur
973 3122 1452 3207 ‚Aristotelea
1480 3119 1851 3193 memoria
1872 3120 2127 3193 virum
2162 3121 2554 3218 egregium
2587 3120 2899 3193 fefellit:

601 3276 785 3325 nam
834 3249 918 3321 in
966 3249 1110 3321 hae
1144 3245 1406 3320 fabula
1449 3267 1607 3316 non
1637 3243 2187 3340 frequentiores
2242 3269 2475 3342 quam
2523 3245 2609 3317 in
2655 3244 2905 3341 priore

602 3400 697 3451 ex
729 3372 1117 3471 Euripidis
1144 3366 1568 3468 Iphigeniis
1602 3368 2184 3441 interseruntur.
2291 3370 2563 3465 Neque
2595 3368 2679 3440 in
2716 3369 2901 3465 Sup-

601 3502 926 3601 plicibus
943 3498 1252 3598 quidem
1260 3493 1598 3592 AEsohyli
1617 3494 1895 3567 tertius
1910 3492 2182 3567 histrio
2204 3518 2535 3590 usquam
2554 3496 2899 3591 apparet;

604 3627 884 3724 quippe
927 3624 1016 3708 is,
1067 3622 1200 3717 qui
1242 3619 1495 3691 Danai
1551 3622 1809 3714 partes
1865 3619 2216 3705 sustinet,
2268 3642 2570 3693 scenam
2618 3616 2902 3715 linquit

592 3750 766 3848 post
798 3770 868 3819 v.
909 3744 1078 3822 772.
1114 3744 1207 3815 ut
1238 3764 1639 3838 personam
1674 3742 1944 3814 induat
1979 3743 2516 3829 eaduceatoriS,
2557 3743 2690 3839 qui
2721 3742 2896 3837 post

601 3870 995 3967 sexaginta
1025 3888 1287 3942 versus
1339 3864 1602 3937 intrat.
1712 3865 1934 3938 Idem
1964 3889 2142 3940 vero
2178 3890 2361 3941 mox
2396 3868 2577 3953 exit,
2616 3869 2694 3939 et
2727 3866 2900 3963 post

531 4254 540 4261 ,
683 4198 717 4234 *
761 4193 1057 4271 Aristoph.
1084 4191 1230 4249 Ran.
1256 4190 1392 4247 842.
1477 4189 1786 4267 AEschylus
1816 4189 2149 4267 Euripidem
2177 4192 2496 4268 compellat,
2528 4189 2572 4249 ὦ
2601 4198 2903 4270 στωμυλιο·

601 4290 966 4361 συλλεκτάδη,
990 4291 1100 4346 Καὶ
1128 4290 1468 4364 πτωχοποιὲ,
1486 4288 1572 4343 καὶ
1599 4285 2139 4361 ῥακιοσυῤῥαπτάδη.
2226 4285 2343 4343 Ubi
2370 4286 2562 4344 Schol.
2610 4289 2639 4344 ὀ
2668 4285 2739 4346 τὰ
2760 4288 2902 4365 ῥάκη

601 4386 925 4462 συῤῥάπτων
968 4388 1057 4443 καὶ
1099 4382 1313 4441 ἑνόύων
1351 4378 1473 4439 τοῦς
1513 4379 1596 4452 βα
1619 4385 1803 4439 axe-ts.
1890 4380 1979 4437 De
2006 4380 2117 4439 hoc
2146 4387 2445 4458 poetarum
2472 4382 2611 4439 vitio
2636 4382 2765 4440 vide
2793 4383 2902 4441 ele-

597 4481 784 4560 gantis
810 4479 1019 4556 ingenii
1037 4479 1236 4543 virum,
1261 4477 1589 4535 Edvardum
1613 4474 1947 4551 Copleston.
1971 4476 2031 4533 in
2060 4476 2348 4534 Proelectt.
2375 4476 2648 4535 Academ.
2674 4498 2733 4555 p.
2761 4483 2897 4536 220.
