3282 5193
612 383 709 454 92
1464 399 1964 454 onossARmM

612 571 989 635 narrationem
1019 597 1112 654 ap.
1135 576 1326 636 Schol.
1346 576 1614 654 Apollon.
1641 575 1834 634 Rhod.
1856 575 1962 633 IV.
1991 578 2161 634 1091.
2207 574 2488 634 Herodot.
2507 575 2650 634 VII.
2677 580 2806 636 150.

599 668 713 728 ”Ἀι
718 669 875 738 δρες’
880 677 1130 747 Αργεῖοι,
1158 667 1436 744 βασιλευς
1465 671 1680 743 Ξέρξης
1707 667 1890 726 τάδε
1870 675 2006 744 υμῖν
2034 673 2217 742 λέγει.
2275 666 2474 745 Ἡμεῖς
2503 671 2812 746 νομίζομεν

616 767 845 837 Πέρσην
887 763 971 820 εἶι
960 787 1052 830 αι
1096 761 1191 820 ἀπ’
1218 786 1281 820 ου
1320 764 1481 838 ἡμεῖς
1523 763 1873 839 γεγόναμεν,
1918 758 2095 818 παῖδα
2139 765 2385 835 Περσέος
2426 763 2523 818 τοῦ
2562 763 2810 830 Δανάης,

614 855 899 930 γεγονότα
938 856 997 912 έκ
1027 858 1122 924 τῆς
1166 859 1382 930 Κηφέος
1426 856 1731 927 θυγατέρος
1756 851 2141 929 Ανδρομέδης.
2227 851 2320 909 Cf.
2352 851 2687 928 Apollodor.
2719 851 2808 909 II.

612 949 670 1003 4.
708 951 760 1003 l.
845 944 1049 1003 Fateor
1089 951 1276 1002 tamen
1318 942 1464 1001 mihi
1502 943 1811 1001 admodum
1853 942 2136 1000 incertum
2167 941 2363 1010 videri,
2395 951 2526 1000 utra
2565 943 2639 1001 sit
2679 959 2813 1000 vera

609 1037 798 1096 leeti0.
883 1037 1226 1115 χρυσονόμος
1254 1035 1623 1113 AEsehyleum
1664 1045 1862 1104 sonat;
1907 1034 2042 1093 alibi
2068 1034 2347 1093 habemus
2377 1037 2721 1111 ἅνθρυνόμος
2745 1040 2807 1091 et

522 1161 531 1171 ·
610 1133 922 1209 ποιονόμος.

690 1273 785 1330 81.
844 1247 1201 1329 ’Ῑσόθεοςκ
1288 1267 1415 1325 Par
1441 1268 1582 1336 1)εο,
1614 1266 1771 1345 quod
1809 1266 2042 1343 Sappho
2077 1267 2221 1325 dixit
2255 1269 2377 1327 ἰ’σος
2421 1273 2652 1337 θεοῖσιν,
2684 1266 2806 1327 Ho-

607 1378 798 1418 merus
825 1366 1013 1416 autem
1044 1361 1373 1416 θεοείκελος.
1458 1354 1619 1416 Infra
1643 1357 1772 1414 150.
1804 1353 1875 1413 de
1902 1355 2127 1424 Atossa‚
2161 1360 2303 1414 θεῶν
2329 1357 2458 1415 ἰ’σον
2498 1359 2808 1433 ὀφθαλμοῖς

606 1454 762 1527 φάος.
846 1439 939 1508 c‘f.
979 1451 1109 1512 157.
1197 1445 1633 1524 “Aptissimum
1663 1454 1905 1524 tyranno
1933 1446 2021 1504 vel
2048 1447 2337 1524 tyrannidi
2369 1448 2664 1526 epitheton
2693 1453 2806 1507 ἰσο-

606 1543 843 1621 δαίμων.
925 1539 1185 1618 AEschyl.
1237 1539 1393 1598 Pers.
1441 1539 1577 1595 636.
1624 1535 1706 1596 Ἦ
1750 1537 1800 1617 ῥ’
1843 1538 1962 1596 ἀΐει
2007 1563 2112 1614 μου
2153 1546 2460 1616 μακαρίτας
2503 1541 2805 1616 ἰσοδαίμων

604 1633 879 1710 βασιλεύς
902 1659 917 1703 ;
965 1632 1096 1709 (hoc
1124 1639 1313 1689 tamen
1340 1629 1648 1704 exemplum
1667 1631 1851 1687 minus
1869 1631 2206 1687 commodum
2227 1638 2332 1700 est,
2358 1633 2492 1707 quia
2520 1633 2592 1688 de
2617 1632 2806 1690 Dario

606 1735 827 1786 mortuo
868 1721 1136 1800 dicitur.)
1222 1721 1387 1779 Plato
1423 1722 1569 1799 Rep.
1598 1721 1779 1780 VIII.
1824 1740 1940 1779 non
1980 1721 2148 1799 longe
2189 1733 2230 1780 a'
2263 1722 2379 1781 fine
2419 1723 2490 1781 de
2531 1723 2804 1800 Euripide

606 1820 703 1888 ait,
736 1821 824 1877 καὶ
862 1823 931 1877 ὡς
970 1813 1191 1875 ἰσόθεόν
1232 1837 1303 1887 γε
1337 1816 1440 1882 τὴν
1480 1813 1786 1888 τυραννίδα
1828 1815 2188 1891 ἐγκωμιάζει.
2277 1814 2501 1872 Habuit
2526 1814 2586 1872 in
2613 1815 2802 1873 animo

605 1910 814 1970 Troad.
842 1911 1013 1992 ¹¹77.-
1045 1909 1253 1983 Γάμων
1275 1931 1338 1964 τε
1360 1909 1559 1977 καὶτῆς
1590 1910 1814 1965 ἰσοθέου
1843 1907 2184 1983 τυραννίδος.
2241 1906 2553 1985 Ariphron.
2575 1906 2801 1985 Sicyon.

605 2024 699 2081 ap.
723 2002 937 2060 Athen.
964 1999 1095 2057 XV.
1118 2000 1220 2058 fin.
1268 2002 1381 2058 Τᾶς
1409 2003 1454 2058 τ’
1484 1999 1830 2077 ἰσοδαίμονος
1857 1998 2168 2074 ἀνθρώποις
2190 1998 2530 2074 βασιληΐδος
2558 1999 2800 2079 ἀρχᾶς.”

604 2096 912 2159 Por-sonus,
944 2092 1233 2167 Supplem.
1264 2091 1451 2166 Praef.
1482 2093 1564 2148 ad
1585 2091 1812 2150 Heeuh.
1841 2113 1903 2169 p.
1928 2094 2026 2150 30.
2097 2090 2403 2172 Inscriptio
2429 2111 2522 2170 ap.
2555 2092 2799 2150 Pausan.

603 2185 713 2242 VI.
744 2188 801 2242 4.
847 2186 981 2240 Τῶν
1022 2181 1067 2240 δ’
1109 2179 1509 2256 ἱερογλώσσων
1552 2181 1840 2241 Κλυτιδᾶν
1882 2189 2049 2254 γένος
2091 2182 2332 2260 εὔχομαι
2373 2183 2518 2242 εἶναι
2561 2185 2801 2253 Μάντις,

602 2275 699 2333 ἀπ’
740 2278 976 2341 ἰσοθέων
1017 2273 1161 2349 αἷμα
1204 2272 1677 2346 Μελαμποδιδᾶν.
1763 2272 1852 2332 De
1893 2273 2210 2351 quantitate
2245 2273 2448 2352 primae
2488 2273 2550 2331 in
2590 2273 2803 2332 ἰσόθεος

603 2366 718 2426 vid.
745 2366 982 2424 Porson.
1004 2365 1079 2423 ad
1098 2364 1301 2441 Eurip.
1325 2362 1515 2423 Orest.
1544 2369 1599 2424 9.
1685 2363 1945 2425 Erfurdt.
1969 2365 2043 2424 ad
2064 2365 2332 2444 Sophoel.
2357 2365 2556 2444 Antig.
2583 2368 2720 2425 828.

684 2509 782 2566 83.
834 2480 1198 2588 Κυάνεος.
1289 2505 1598 2562 Caeruleus.
1682 2504 1860 2583 Angl.
1883 2506 2034 2563 dar-lc
2057 2506 2203 2564 blue.
2275 2506 2584 2566 Pausanias
2604 2507 2681 2566 X.
2703 2511 2800 2568 28.

601 2616 663 2672 p.
696 2596 831 2652 250.
875 2595 1080 2652 κυάνου
1117 2595 1218 2661 τὴν
1256 2591 1457 2671 χροιὰν
1494 2593 1702 2671 μεταξύ
1744 2595 1864 2652 ἐστι
1905 2598 1995 2652 καὶ
2037 2600 2301 2671 μέλανος,
2332 2591 2520 2654 ὁποῖαι
2560 2599 2650 2655 καὶ
2691 2602 2803 2656 τῶν

600 2691 778 2763 μυιῶν
819 2687 879 2744 αἱ
920 2686 1053 2758 πρὸς
1095 2683 1163 2743 τά
1203 2690 1336 2759 κρέα
1378 2688 1487 2743 εἶσὶ
1528 2686 1972 2764 προσιζάνουσαι
2016 2685 2218 2764 (Angl.
2251 2687 2590 2746 blue-bottle
2602 2687 2796 2767 βίω).

603 2779 836 2857 Cyanus
875 2776 1051 2855 igitur
1090 2772 1283 2855 paullo
1324 2778 1556 2835 dilutior
1602 2785 1690 2837 est
1737 2798 1909 2856 quam
1949 2778 2187 2836 istarum
2236 2798 2562 2838 muscarum
2610 2781 2798 2839 color:

600 2869 753 2929 unde
796 2868 1067 2929 flosculus
1103 2868 1335 2946 quidam
1374 2869 1443 2927 οό
1488 2871 1726 2927 colorem
1762 2876 1997 2927 vocatur
2037 2890 2270 2945 cyanus,
2311 2870 2445 2949 (tlte
2481 2872 2798 2949 bene-bell).

603 2961 926 3021 Secundum
969 2958 1238 3018 Eustath.
1282 2960 1353 3018 ad
1396 2960 1563 3018 Iliad.
1610 2968 1681 3019 A.
1725 2981 1786 3038 p.
1836 2961 1967 3029 728,
2013 2964 2110 3020 20.
2168 2961 2403 3021 κυάνεον
2444 2963 2654 3021 eoelum
2693 2974 2798 3033 est,

603 3055 844 3123 ὁπηνίκα
871 3054 988 3111 ἐστὶ
1011 3052 1197 3123 πάντη
1220 3055 1515 3129 ἀνέφελος.
1573 3051 1740 3109 Plato
1759 3051 1980 3110 Timaeo
2001 3072 2061 3130 p.
2087 3057 2225 3112 543.
2258 3056 2520 3133 λαμπρὸν
2541 3055 2601 3113 δὲ
2623 3062 2803 3137 λευκῷ

602 3144 891 3214 ξυνελθόν,
932 3147 1024 3202 καὶ
1068 3147 1147 3202 εἷς
1190 3149 1380 3222 μέλαν
1424 3144 1716 3218 κατακορὲς
1757 3145 2027 3222 ἐμπεσόν,
2073 3152 2314 3205 κυανοῦν
2358 3152 2557 3227 χρῶμα
2597 3152 2801 3209 ιἰποτε-

602 3244 811 3297 >leta-m.
896 3236 1088 3305 Quare
1115 3235 1292 3294 falsus
1319 3242 1407 3295 est
1434 3235 1516 3293 Is,
1546 3234 1782 3294 Vossius
1809 3234 1882 3294 ad
1909 3236 2119 3295 Catull.
2152 3259 2212 3315 p.
2244 3240 2382 3297 218.
2439 3240 2537 3318 qui
2565 3242 2802 3301 κυάνεον

600 3329 753 3387 idem
797 3347 918 3387 esse
954 3327 1034 3386 ait
1070 3347 1135 3387 ac
1173 3328 1360 3405 φαιόν,
1392 3327 1672 3404 vertitque
1711 3328 2035 3387 violaceam.
2120 3329 2256 3387 Non
2291 3338 2378 3389 est
2413 3338 2603 3391 tamen
2640 3332 2801 3391 dissi-

600 3419 937 3479 mulandum
963 3426 1162 3497 poetas
1190 3418 1611 3497 antiquissimos
1636 3417 1698 3475 in
1729 3418 1840 3477 hoc
1867 3419 2122 3496 epitheto
2154 3440 2358 3499 parum
2385 3421 2493 3481 sibi
2518 3430 2795 3483 constare.

604 3511 929 3589 Saepissime
957 3511 1027 3569 de
1056 3511 1412 3589 serpentibus
1438 3510 1690 3587 ponitur,
1719 3528 1768 3568 e.
1800 3530 1858 3588 g.
1895 3511 2063 3570 Iliad.
2095 3520 2165 3571 A.
2192 3516 2288 3572 39.
2373 3513 2612 3572 Hesiod.
2639 3515 2796 3574 Scut.

606 3606 739 3668 167.
784 3610 852 3661 ut
878 3603 1034 3681 apud
1061 3602 1300 3662 Latinos
1336 3604 1610 3662 caeruleus
1623 3613 1653 3666 ,³
1691 3601 1980 3659 interdum
2008 3622 2140 3661 vero
2172 3603 2243 3661 de
2276 3603 2412 3661 atris
2438 3605 2705 3676 nubibus,
2736 3614 2804 3664 ut

600 3696 662 3754 in
682 3694 923 3754 Hesiod.
947 3693 1243 3771 Theogon.
1266 3696 1298 3756 7
1303 3696 1401 3751 45.
1433 3692 1504 3750 de
1522 3692 1848 3762 hirundine,
1875 3693 2148 3752 Simonid.
2170 3714 2262 3771 ap.
2285 3694 2476 3753 Schol.
2500 3697 2800 3777 Aristoph.

602 3787 715 3846 Av.
753 3788 924 3843 1410.
1008 3784 1277 3843 Ceterum
1306 3786 1533 3843 κυάνεος
1562 3802 1715 3862 saepe
1741 3782 2045 3843 adhibetur
2071 3784 2142 3842 de
2169 3785 2462 3844 oculorum
2490 3787 2800 3867 adspectu:

602 3876 842 3936 Hesiod.
870 3876 1028 3934 Seut.
1052 3879 1108 3940 7.
1162 3874 1469 3956 βλεφαρῶν
1498 3878 1611 3934 ἄπο
1638 3878 1950 3935 κυανεάων.
2035 3876 2248 3955 Ibyeus
2275 3876 2481 3955 fragm.
2507 3878 2558 3937 I.
2611 3880 2798 3941 Ursin.

587 3971 767 4046 '‘Epws
810 3964 947 4027 αὖτέ
986 3993 1059 4045 με
1100 3971 1421 4027 κυανέοισιν
1457 3968 1563 4025 ὑπὸ
1600 3966 1906 4047 βλεφάροις
1921 3970 2182 4048 Ὄμμασι
2219 3976 2420 4047 τακερὰ
2458 3970 2800 4047 δερκόμενος.

601 4061 804 4138 Eurip.
855 4060 985 4119 Alc.
1033 4060 1168 4119 260.
1227 4060 1314 4118 ὑπ’
1366 4060 1565 4139 ὀφρύσι
1612 4069 1959 4135 κυαναυγὲσι
2003 4060 2240 4136 βλέπων
2287 4064 2560 4138 πτερωτὸς
2613 4063 2802 4122 Αῗδας.

603 4151 843 4211 Hesiod.
878 4150 1037 4217 Scut.
1067 4153 1205 4210 356.
1253 4151 1643 4226 Θεμιστονόην
1692 4156 1992 4212 κυανῶπιν.
2077 4153 2414 4230 Alciphron.
2446 4153 2568 4210 III.
2607 4157 2658 4210 1.
2716 4154 2806 4210 καὶ

602 4244 697 4303 τοὶς
723 4243 906 4318 βολιίς
936 4248 1047 4302 τῶν
1075 4246 1381 4323 ὀφθαλμῶν
1412 4246 1532 4303 ἐστι
1560 4247 1904 4318 κυαναυγὴς.

682 4387 779 4442 84.
837 4362 1173 4466 Δέργμα.
1258 4386 1603 4459 Admetus.
1686 4382 1886 4460 Eurip.
1933 4383 2092 4441 Med.
2145 4364 2275 4444 190.
2324 4368 2565 4443 τοκάδος·
2587 4384 2806 4464 δέργμα

603 4476 851 4541 λεαίνης.
941 4470 1222 4532 PhoeniSS.
1256 4472 1393 4532 667.
1442 4473 1581 4530 ἔνθα
1617 4470 1801 4549 φόνιος
1831 4468 1898 4542 ἦν
1937 4471 2562 4551 δράκων-δεργμάτων
2591 4472 2804 4552 κόραισι

908 5168 1005 5172 -hd
1040 5168 1079 5172 -
1102 5168 1127 5172 .-
1142 5163 2410 5173 ..ssQ-*uh—*a*÷——g—-—a——QQ—--ss———*-a—
2449 5169 2458 5172 ..
2483 5169 2508 5172 ..-
2525 5169 2576 5172 .-«--
2593 5169 2634 5172 .-..
2657 5169 2666 5172 -
2687 5169 2700 5172 -
2717 5170 2722 5172 .
2741 5161 3106 5173 -ψῌ-».
3123 5170 3126 5172 .
3153 5169 3156 5172 .
