3282 5193
611 391 748 470 xvi
1557 412 1988 466 PRAEFATIO.
2138 379 2145 388 ’

615 595 893 684 ξυλίνων
928 595 1474 689 συμπηγνυμὲνων
1509 590 1757 687 ἷκρῖων,
1790 590 1899 664 καὶ
1932 594 2187 678 πάντων
2218 586 2761 678 καταλαμβάνειν
2798 590 2923 660 τὸν
2980 597 2987 604 ’

615 719 828 791 τόπον
863 717 1309 802 σπευδόντων,
1333 717 1592 814 πληγαί
1627 749 1708 788 τε
1746 715 2067 813 ἐγίνοντο,
2099 715 2203 786 καί
2238 745 2363 784 που
2396 711 2501 784 καὶ
2538 713 2918 805 τραΰματα.

617 840 964 914 Photius.
1069 839 1301 935 Ἰκρία.
1373 844 1460 911 τὰ
1523 839 1590 912 ἐν
1648 845 1747 934 τῇ
1802 841 2041 936 ἀγορᾷ,
2101 837 2227 934 ὄψ’
2282 834 2371 909 αἷν
2428 835 2713 908 ἐθεῶντο
2766 839 2927 913 rofio

618 967 1094 1042 Διονυσιακοὺς
1129 966 1414 1063 ἆγαῗναα,
1454 963 1605 1056 πρὶν
1658 963 1696 1046 ἢ
1752 965 2358 1042 κατασκευασθῆναι
2406 961 2491 1032 τὸ
2530 959 2597 1032 ἐν
2632 967 2736 1055 τῷ
2766 968 2927 1032 Διο-
2972 941 2980 949 -

619 1093 809 1164 νΰσου
879 1093 1184 1184 θέατρον.
1292 1088 1464 1161 Ηοο
1521 1110 1808 1160 nomen
1864 1087 2208 1160 ferebant
2276 1084 2512 1158 etiam
2571 1083 2929 1161 subsellia

621 1212 993 1289 solidioris
1043 1213 1372 1300 theatri3
1427 1211 1820 1310 Aristoph.
1858 1211 2157 1284 Thesm.
2198 1213 2368 1283 390.
2408 1208 2501 1282 de
2534 1207 2924 1305 Euripide,

625 1343 777 1411 Ποῦ
807 1338 862 1410 δ’
900 1334 1058 1435 ουχὶ
1095 1337 1540 1436 διαβέβληχ’,
1574 1335 1745 1410 ὅπου
1803 1369 1931 1431 περ
1984 1334 2297 1430 ἔμβραχυ
2346 1332 2527 1404 Εἰσὶν
2556 1329 2787 1403 θεαταὶ
2818 1329 2927 1402 καὶ

621 1463 1018 1562 τραγῳδικοῖ
1065 1461 1484 1560 χοροῖ-Ὠε
1533 1460 1722 1534 εὐθὺς
1758 1461 2077 1536 εἰσιόντες
2112 1459 2245 1530 dvx-o
2283 1463 2421 1530 τῶν
2466 1457 2689 1552 ἰκρίων
2722 1455 2953 1527 ’Υποέ

619 1585 955 1682 fixi-arou&
1011 1589 1196 1671 ἡμεῖς.
1267 1583 1404 1656 ubi
1434 1583 1693 1656 minus
1728 1583 1932 1657 recte
1972 1580 2225 1654 editur
2275 1580 2381 1653 καὶ
2431 1579 2770 1677 τραγῳδοὶ
2821 1576 2928 1649 καὶ

623 1717 845 1814 χοροί.
952 1713 1235 1786 Veram
1277 1712 1686 1786 lectionem
1728 1707 2201 1784 conservavit
2250 1708 2593 1781 Platonis
2638 1706 2926 1781 Scholi-

623 1839 792 1910 asta
821 1862 896 1934 p.
936 1840 1056 1911 88.
1165 1837 1280 1911 Of.
1320 1836 1655 1934 Hesych.
1693 1860 1765 1909 v.
1805 1836 2069 1931 Ἰκρίον,
2106 1835 2186 1907 et
2227 1835 2572 1907 auctores
2604 1831 2714 1905 ibi
2746 1831 2926 1904 alle-

625 1964 863 2059 gatos,
971 1960 1197 2050 Quod
1245 1961 1312 2034 si
1362 1961 1725 2035 subsellia
1771 1959 2069 2033 ruerint
2117 1980 2359 2054 quum
2393 1956 2795 2053 AEschylus
2847 1956 2926 2028 et

627 2085 980 2159 Pratinas
1008 2088 1556 2190 concertarent,
1581 2086 1662 2158 id
1696 2087 1899 2159 certe
1917 2106 2075 2157 non
2109 2080 2355 2156 effecit
2376 2084 2467 2156 ut
2491 2080 2575 2153 in
2609 2079 2929 2154 exilium

625 2208 911 2284 abiret:
969 2231 1202 2306 quare
1235 2209 1386 2282 alia
1419 2232 1687 2284 caussa
1720 2207 2131 2304 quaerenda
2162 2209 2301 2280 est.

721 2333 987 2408 Tradit
1022 2335 1284 2407 autem
1319 2333 1783 2408 Plutarchus
1816 2331 1903 2403 in
1928 2331 2267 2419 Cimone,
2290 2329 2341 2403 1.
2366 2352 2427 2403 c.
2454 2327 2923 2427 AEschylum‚

623 2483 869 2557 quum
921 2459 1006 2531 in
1057 2459 1208 2533 isto
1254 2457 1690 2544 certamine,
1736 2457 1828 2530 de
1880 2478 2031 2553 quo
2084 2477 2313 2551 supra
2362 2452 2657 2528 dictum
2705 2455 2845 2539 est,
2882 2474 2929 2524 a

623 2583 995 2681 Sophocle
1025 2583 1276 2658 victus
1322 2584 1543 2668 esset,
1579 2604 1740 2654 non
1780 2579 2122 2652 multum
2152 2580 2326 2675 post
2359 2602 2519 2675 prae
2555 2578 2809 2652 dolore
2840 2575 2928 2651 in

624 2706 945 2782 exilium
1003 2707 1318 2781 abiisse:
1397 2704 1602 2803 quod
1668 2726 1826 2777 non
1878 2702 2096 2778 video
2166 2725 2317 2800 quo
2384 2704 2607 2801 pacto
2660 2724 2929 2777 verum

624 2857 788 2909 esse
852 2832 1114 2931 possit,
1190 2856 1434 2931 quum
1490 2828 2002 2928 Apsephionis
2060 2851 2308 2902 annus
2368 2830 2565 2901 esset
2618 2828 2923 2926 Olymp-

624 2959 1043 3033 LXXVII.
1084 2962 1154 3030 3.
1207 2956 1614 3055 tetralogia
1647 2978 1825 3030 vero
1877 2956 2191 3028 Orestea
2242 2956 2416 3028 acta
2468 2952 2567 3026 sit
2618 2952 2922 3051 Olymp.

627 3084 952 3157 LXXX.
995 3086 1064 3155 2.
1131 3140 1136 3145 .
2037 3118 2041 3124 -
2733 3169 2747 3181 ,

728 3207 1081 3305 Denique
1112 3206 1408 3280 Auctor
1443 3206 1649 3280 Vitae
1695 3207 1857 3303 ejus
1900 3229 2327 3305 anonymus
2348 3206 2479 3280 ‘ait
2518 3202 2929 3278 nonnullos

627 3332 924 3405 tradere
985 3331 1454 3429 AEschylum,
1519 3356 1761 3429 quum
1816 3354 1863 3403 a
1923 3330 2310 3406 Simonide
2366 3330 2450 3402 in
2518 3326 2930 3404 certamine

626 3457 962 3555 quodam
995 3456 1326 3555 elegiaco
1363 3461 1765 3557 superatus
1791 3460 2009 3545 esset,
2038 3456 2287 3532 solum
2311 3455 2669 3530 vertisse:
2726 3452 2930 3549 quod

626 3583 1031 3656 manifesto
1071 3584 1354 3665 falsum
1400 3587 1537 3668 est,
1578 3582 1955 3678 siquidem
2006 3582 2432 3655 Simonides
2485 3580 2687 3653 diem
2737 3576 2928 3651 obiit

628 3704 747 3777 Ol.
810 3705 1227 3777 LXXVII.
1286 3705 1406 3775 4.*
1512 3706 1615 3776 Et
1675 3728 2060 3801 nusquam
2112 3704 2296 3777 alibi
2356 3705 2449 3775 de
2516 3702 2929 3776 certamine

623 3826 958 3923 elegiaco
1044 3825 1463 3924 quidquam
1546 3826 1879 3899 relatum
1943 3824 2121 3899 vidi.
2229 3824 2535 3899 Vicerat
2623 3825 2931 3922 quidem

561 3936 565 3945 ⁸
629 3949 1073 4038 Simonides,
1117 3953 1209 4024 ut
1243 3934 1347 4023 'de
1401 3974 1480 4023 se
1507 4012 1512 4021 .
1537 3950 1702 4047 ipse
1752 3952 2092 4024 testatus
2137 3951 2275 4037 est,
2330 3950 2695 4025 archonte
2743 3949 2928 4024 Adi-

625 4077 892 4151 manto
959 4074 1078 4149 Ol.
1142 4074 1461 4147 LXXV.
1527 4078 1596 4147 3.
1669 4097 1914 4170 quum
1982 4074 2301 4149 chorum
2367 4049 2930 4171 quinquaginta

624 4199 966 4277 virorum
988 4200 1386 4276 docuisset.
1495 4198 1641 4273 Sed
1672 4199 1881 4292 hunc
1908 4199 2227 4274 chorum
2250 4201 2485 4276 fuisse
2510 4201 2927 4299 dithyram-

1257 4456 1291 4492 *
1335 4454 1526 4513 Bentl.
1557 4452 1713 4513 Diss.
1744 4452 1815 4511 de
1844 4454 2069 4515 Phalar.
2093 4457 2159 4533 'p.
2190 4459 2290 4513 41.
