3282 5193
1360 445 1744 521 ΠΕΡΣΑΙ
1759 501 1775 518 .

2616 450 2719 524 59

643 650 873 732 τοιάδ’
917 651 1011 759 ἐξ
1061 654 1357 755 ἀνδρῶν
1403 653 1655 752 ὀνείδη
1707 651 2086 736 πολλάκις·
2144 649 2394 733 κλύων
2452 659 2723 749 κακῶν,

565 882 574 889 ,
643 777 847 882 τήνδ’
927 777 1394 876 ἐβούλευσεν
1477 778 1869 886 κέλευθον,
1936 783 2059 860 καὶ
2116 777 2520 884 στράτευμ’
2604 779 2721 882 ἐφ’

1088 906 1460 988 Ελλάδα.

421 1044 590 1118 ΔΑ.

652 1034 918 1142 τοιγάρ
976 1043 1173 1144 σφιν
1233 1032 1461 1141 ἔργον
1518 1037 1731 1116 ἐστὶν
1790 1035 2389 1143 ἐξειργασμένον

2563 1046 2718 1125 765

653 1166 1044 1268 μέγιστον,
1104 1168 1587 1266 ἀείμνηστον,
1649 1162 1813 1244 οἷον
1870 1161 2168 1243 οὐδέπω

643 1291 794 1375 τόδ’
835 1287 1035 1372 ἄστυ
1093 1290 1413 1374 Σούσων
1471 1293 1957 1419 ἐξεκείνωσεν
2015 1288 2286 1388 πεσόν,

647 1421 742 1527 ἐξ
793 1453 972 1522 ουγε
1028 1417 1251 1521 τιμὴν
1313 1416 1502 1504 Ζευς
1558 1415 1761 1526 ἅναξ
1815 1418 2019 1520 τήνδ’
2062 1415 2399 1518 ὤπασεν,

648 1543 744 1627 εν’
787 1542 995 1651 ἄνδρ’
1039 1545 1344 1648 ἀπάσης
1381 1548 1697 1631 Ἀσίδος
1752 1544 2249 1652 μηλοτρόφου

644 1682 928 1774 ταγεῖν,
987 1671 1264 1780 ἔχοντα
1323 1681 1721 1779 σκῆπτρον
1780 1674 2234 1778 ἰθυντήριον.

2565 1685 2724 1764 770

648 1807 914 1902 Μῆδος
969 1801 1117 1957 γὰρ
1172 1837 1269 1962 ην
1315 1805 1364 1908 ῥ
1421 1810 1717 1907 πρῶτος·
1773 1798 2072 1904 ἡγεμων
2132 1809 2490 1906 στρατοῦ·

647 1923 892 2012 αλλος
951 1929 1092 2008 δ”
1057 1933 1341 2010 εκείνου
1397 1939 1574 2015 παῖς
1632 1927 1785 2010 τόδ’
1829 1926 2057 2034 ἔργον
2114 1924 2380 2031 ἤνυσε,

648 2052 910 2162 φρένες
969 2057 1114 2162 γὰρ
1175 2059 1403 2137 αὐτοῦ
1465 2055 1705 2157 θυμον
1763 2054 2391 2165 ᾠακοστρόφουν.

644 2185 892 2288 τρίτος
949 2184 1010 2263 δ’
1051 2186 1174 2265 ἀπ’
1219 2185 1450 2265 αὐτοῦ
1514 2191 1792 2289 Κῦρος,
1856 2184 2221 2283 εὐδαίμων
2277 2186 2495 2289 ἀνήρ,

643 2305 905 2418 ἄρξας,
965 2305 1186 2413 ἔθηκε
1243 2321 1485 2393 πᾶσιν
1545 2310 1848 2416 εἰρήνην
1898 2314 2187 2418 φίλοις·

2561 2325 2716 2403 775

647 2444 917 2519 Λυδῶν
975 2439 1056 2520 δὲ
1114 2439 1308 2521 λαὸν
1366 2443 1488 2520 καὶ
1545 2446 1870 2544 Φρυγῶν
1926 2437 2330 2540 ἐκτήσατο,

648 2566 942 2649 Ἰωνίαν
999 2603 1081 2649 τε
1138 2577 1404 2649 πᾶσαν
1461 2565 1758 2668 ἤλασεν
1815 2567 1974 2674 βίᾳ.

508 2892 643 2954 766.
686 2894 797 2959 ἀεί,
815 2889 1068 2969 μνηστὸν
1090 2888 1228 2947 Ald.
1273 2892 1525 2967 αἶείμνη-

428 2994 562 3029 στον
588 2970 770 3028 Turn.

510 3064 645 3125 767.
689 3065 994 3131 ἐξεκένωσε
1004 3060 1139 3119 Ald.
1163 3060 1311 3120 Rob.
1333 3062 1530 3129 ἐξαπε-

428 3149 676 3201 κὲνωσεν
706 3142 1006 3201 infeliciter
1037 3140 1278 3199 tentavit
1306 3141 1526 3200 Heath.

429 3223 694 3281 Formam
765 3221 1021 3280 Ionicum
1101 3228 1256 3278 recte
1336 3228 1532 3279 tuetur

428 3301 774 3361 BrunckiuS.
857 3301 991 3359 Vid.
1044 3300 1412 3358 Valckenaer.
1457 3300 1531 3357 ad

427 3381 628 3458 Eurip.
650 3379 933 3440 Phoeniss.
945 3400 1006 3459 p.
993 3380 1157 3437 2.26.
1179 3382 1373 3437 πεσών
1390 3378 1526 3436 Ald.

509 3475 646 3536 768.
691 3476 751 3541 ἐξ
779 3498 840 3531 ου
819 3469 904 3531 're
932 3490 1128 3530 omnes
1141 3478 1366 3561 ’praeter
1394 3470 1532 3528 Por-

429 3571 652 3620 sonum,
683 3552 782 3656 qui
807 3551 1052 3610 correxit
1081 3549 1252 3608 etiam
1281 3550 1525 3607 Eumen.

431 3634 528 3689 25·
571 3630 668 3694 ἘΞ
713 3657 850 3707 ουγε·
891 3633 1140 3710 Βάκχαις
1185 3632 1285 3688 ἐσ-
1258 3632 1532 3707 ,ρατήγη-

433 3734 535 3769 σεν
564 3715 707 3769 θεός.

514 3806 648 3869 769.
713 3806 890 3884 ἄνδρα
945 3808 1129 3877 πάσης
1182 3804 1320 3864 Ald.
1378 3804 1526 3863 Rob.

429 3885 610 3944 Turn.
642 3885 844 3978 steph.
917 3886 1066 3945 Dein
1091 3890 1217 3943 ἰΑσ
1219 3884 1348 3943 α’δοε
1377 3884 1526 3942 Rob.

429 3973 487 4022 et
512 3964 870 4024 recentiores.
941 3964 1161 4024 Ἀσίδος
1187 3964 1322 4022 AJd.
1348 3964 1528 4021 Turn.

429 4043 592 4103 Med.
636 4044 876 4103 Barooc.
916 4042 986 4103 C.
1067 4042 1203 4102 vid.
1246 4062 1419 4120 supra
1459 4042 1532 4100 ad

431 4125 569 4187 275.
601 4126 742 4183 555.

509 4220 649 4282 770.
709 4217 804 4278 sie
860 4217 1008 4277 Rob.
1066 4216 1259 4294 Mosq.
1344 4214 1534 4273 Ceteri

429 4298 811 4375 εὐθυντήριον.
895 4296 1028 4356 Vid.
1081 4296 1229 4354 infra
1275 4292 1350 4353 ad
1396 4297 1530 4358 779.

432 4376 682 4436 Glossar.
712 4378 775 4437 in
801 4397 857 4436 v.
887 4379 1026 4436 418.

515 4477 650 4537 771.
695 4473 786 4531 De
829 4473 944 4533 hoc
983 4473 1110 4532 loco
1149 4470 1534 4530 hallucinatus

433 4559 520 4610 est
548 4552 796 4631 Scaliger
822 4552 892 4611 de
919 4552 1050 4610 Em.
1081 4550 1285 4629 Temp.
1307 4569 1367 4627 p.
1395 4551 1530 4609 590.

1631 2888 1822 2959 Μῆδος
1852 2894 1939 2946 est
1958 2907 2165 2946 nomen
2186 2888 2414 2965 gentile.
2465 2890 2734 2950 Innuitur

1627 2966 1931 3045 Astyage3‚
2004 2967 2313 3026 Medorum
2380 2987 2497 3038 rex,
2562 2990 2732 3060 quem

1630 3046 1914 3105 Stanleius
1968 3047 2211 3105 eundem
2266 3066 2387 3106 esse
2446 3058 2615 3127 putat
2667 3072 2733 3110 ac

1629 3126 1870 3185 Darium
1904 3126 2165 3196 Medum,
2196 3146 2230 3184 a
2258 3128 2493 3187 Daniele
2519 3149 2733 3189 memo-

1629 3213 1856 3275 ratum3
1898 3204 1991 3263 cui
2029 3207 2326 3265 sententiae
2363 3208 2455 3265 ob
2460 3208 2560 3267 icit
2587 3210 2729 3269 Lar-

1629 3283 1835 3343 cherus
1871 3285 1945 3343 ad
1982 3284 2263 3343 Herodot.
2294 3286 2364 3343 T.
2453 3308 2559 3365 ..p
2594 3292 2729 3347 283.

1630 3363 1871 3422 Darium
1914 3362 2226 3440 Babylonis
2273 3371 2499 3422 tantum
2541 3386 2733 3444 regem

1629 3441 1821 3509 fuisse,
1842 3440 2155 3517 Astvagem
2176 3460 2307 3499 vero
2335 3443 2570 3501 Mediae.
2642 3444 2734 3502 Fi-

1628 3521 1740 3578 lius
1782 3519 1904 3596 ejus
1936 3502 2061 3593 (seu
2101 3518 2297 3595 gener)
2340 3519 2437 3597 qui
2478 3542 2595 3580 non
2633 3542 2734 3581 no-

1629 3598 1898 3666 minatur,
1922 3597 2205 3675 Cyaxares
2222 3598 2367 3668 fuitg
2401 3598 2540 3679 Cyri
2560 3601 2729 3671 filine,

1632 3677 1967 3756 cambysem
2012 3677 2142 3735 dein
2165 3677 2403 3749 Merdi8‚
2426 3700 2527 3739 seu
2547 3679 2735 3740 Smer-

1631 3758 1719 3816 dis
1742 3758 1970 3835 Magus,
1991 3756 2091 3835 qui
2118 3777 2152 3815 a
2178 3766 2397 3836 septem
2424 3760 2733 3839 conjuratis

1629 3838 1849 3896 occisus
1866 3844 1971 3903 est,
1991 3837 2138 3895 inter
2154 3857 2296 3915 quos
2313 3838 2733 3917 Artaphernem

1629 3924 1883 3975 recenset
1913 3916 2152 3975 CtesiaS.
2224 3918 2373 3977 Haec
2399 3918 2516 3977 fere
2548 3920 2736 3978 obser-

1631 3996 1785 4054 vavit
1814 3995 2117 4054 Stanleius.

1719 4078 1849 4138 772.
1896 4077 2108 4145 ἤνυσεν
2164 4076 2333 4153 ἔργον
2388 4074 2524 4133 Ald.
2583 4076 2731 4135 Rob.

1633 4155 1869 4213 Barocc.
1954 4155 2184 4212 Nomen
2218 4154 2393 4212 latere
2421 4155 2527 4212 sub
2558 4160 2735 4213 ἄλλος

1632 4234 1858 4311 putavit
1885 4233 2197 4301 BentleiuS‚
2221 4231 2270 4290 si
2295 4232 2468 4290 modo
2490 4234 2736 4293 Bentleii

1633 4314 1748 4371 sint
1782 4312 1913 4371 istae
1948 4311 2165 4369 notuloe
2202 4330 2343 4388 quas
2376 4311 2553 4369 edidit
2587 4313 2734 4371 But-

1631 4390 1805 4449 lerus.

1722 4472 1854 4532 773.
1898 4470 2324 4547 οἶακοστρόφουν
2365 4489 2561 4530 omnes
2594 4489 2739 4549 proe-

1636 4555 1724 4607 ter
1753 4547 1990 4607 Porsen.
2022 4546 2257 4607 Schutz.
