3282 5193
651 406 801 479 148
1505 411 2009 468 GLOSSARIUM

654 600 879 660 videtur
894 600 1075 657 velum
1101 615 1263 657 croco
1290 597 1553 653 tinctum.
1638 591 1904 652 Catullus
1925 591 2088 650 LIX.
2113 592 2173 649 8.
2219 590 2390 648 lectus
2409 588 2538 656 huc,
2555 586 2695 644 Huc
2715 587 2863 654 veni,

660 693 820 750 niveo
832 709 1039 765 ,ocrem
1054 689 1297 747 Luteum
1301 686 1457 761 pede
1472 703 1711 742 soccum.
1776 684 1988 742 Seneca
2008 680 2351 760 Hippolyto,
2377 679 2564 737 Crura
2585 677 2866 735 distincto

660 783 931 856 reliyavit
958 799 1101 840 auro
1128 779 1312 837 Lateo
1328 776 1579 852 plantas
1606 774 1902 833 cohibente
1932 793 2110 833 cocco.
2193 769 2398 850 Virgil.
2429 769 2556 828 Ecl.
2587 768 2730 827 VII.
2761 770 2864 825 31.

670 875 783 932 levi
808 876 881 932 de
904 889 1184 931 marmore
1212 874 1341 927 tota
1367 867 1623 924 Puniceo
1650 866 1837 923 stabis
1861 885 2030 923 suras
2057 866 2280 923 evincta
2307 862 2605 921 cothurno.

750 1027 888 1084 665.
946 995 1326 1104 Εὕμαρις.“
1372 1020 1760 1078 Calceamenti
1772 1038 1972 1094 yenus.
2015 1019 2158 1078 εἶδος
2183 1017 2554 1094 ὑποδήματος.
2605 1012 2868 1090 Hesych.

668 1112 805 1171 Vid.
833 1119 1019 1171 notaS.
1072 1109 1377 1170 Persarum
1401 1106 1716 1166 cothurnos
1741 1102 2068 1184 splendidos
2095 1125 2190 1183 ap.
2211 1103 2395 1163 Clem.
2417 1100 2874 1162 Alexandrinum

666 1201 971 1263 memorari
996 1198 1218 1259 notavit
1247 1195 1553 1256 Stanleius.

754 1357 894 1418 667.
947 1331 1216 1434 Τίαρα.
1305 1351 1507 1409 Tiora.
1591 1349 1806 1408 Infuloe
1851 1368 2032 1427 genus
2085 1348 2162 1408 ad
2213 1346 2512 1426 cuspidem
2555 1343 2872 1424 perductae.

673 1441 919 1502 Photius
946 1447 1003 1499 et
1031 1437 1251 1506 SuidaS,
1281 1443 1480 1514 Τίαρα.
1528 1437 1730 1516 κόσμος
1772 1436 2190 1515 ἓπικεφάλαιος,
2220 1441 2290 1505 ἢν
2327 1436 2380 1494 οἶ
2414 1433 2678 1509 βασιλεῖς
2715 1433 2878 1509 μόνοι

600 1565 614 1572 -
675 1535 847 1611 ὀρθὴν
876 1533 1110 1610 ὂφόρουν
1146 1529 1301 1606 παρὰ
1344 1535 1605 1606 Πέρσαις,
1634 1530 1687 1588 οἶ
1723 1529 1785 1587 δὲ
1828 1532 2131 1603 στρατηγοὶ
2165 1531 2520 1603 κεκλιμένην·
2567 1529 2655 1584 καὶ
2684 1524 2880 1601 Δημά-

675 1647 839 1701 ρατος
868 1625 898 1681 ὁ
929 1620 1387 1700 Λακεδαιμόνιος,
1418 1622 1475 1680 ὃς
1512 1620 1578 1690 δὴ
1611 1619 1756 1698 μετά
1786 1623 2000 1697 Ξέρξου
2039 1617 2217 1690 ἦλθεν
2237 1622 2336 1677 »ἐπὶ
2369 1618 2462 1678 τὰς
2492 1618 2752 1686 Ἀθήνας,
2783 1618 2880 1674 ἐπὶ

678 1715 825 1774 τινὸς
880 1718 1174 1789 εὐημερίας
1230 1714 1709 1792 συγχωρήσαντος
1763 1716 1910 1792 αὒτῷ
1958 1716 2057 1770 τοῦ
2107 1710 2396 1784 βασίλεως
2445 1711 2475 1768 ὃ
2523 1713 2682 1766 θέλει
2726 1711 2882 1776 αίτὴ-

680 1809 907 1873 σασθαι,
953 1806 1197 1887 ᾐτήσατο
1243 1806 1310 1861 ἐν
1353 1805 1491 1885 ὀρθῇ
1546 1807 1613 1885 τῇ
1661 1809 1830 1880 τίαρᾳ·
1868 1806 1948 1862 εἷς
1997 1803 2226 1880 Σάρδεις
2269 1802 2588 1869 εἰσελάσαι,
2629 1803 2697 1857 ὥς
2746 1817 2884 1877 φησι

682 1897 977 1974 Φίιλαρχος
1019 1897 1085 1955 ἐν
1129 1899 1151 1952 ί
1191 1893 1407 1972 (minus
1434 1901 1587 1952 recte
1614 1914 1708 1972 ap.
1741 1894 1980 1953 Suidam
2015 1898 2082 1953 ἐν
2127 1892 2515 1971 (ἑν)δεκα’τῳ.)
2559 1891 2622 1951 τὸ
2665 1891 2710 1949 δ’
2745 1895 2884 1949 αὐτό

677 2001 856 2066 φασιν
892 1988 1042 2047 εἶναι
1082 1990 1172 2046 καὶ
1208 1991 1445 2064 κίταριν.
1529 1985 1884 2062 Θεόφραστος
1924 1986 1986 2044 δὲ
2031 1989 2098 2045 ἐν
2141 1989 2218 2064 τῷ
2259 1988 2386 2061 περὶ
2424 1983 2730 2059 βασιλείας
2775 1989 2886 2042 Κυ-

683 2086 881 2157 πρίων,
933 2083 1036 2150 τὴν
1082 2083 1314 2155 κίταριν,
1361 2076 1431 2136 ὥς
1480 2076 1768 2156 διάφορον.
1853 2077 2188 2155 Legenflum
2237 2081 2306 2135 ὥς
2352 2090 2488 2154 φησι
2535 2081 2886 2154 Κλείταρχος

683 2175 749 2232 ἐν
778 2171 999 2255 δεκάτῃ.
1100 2169 1377 2229 Clitarchi
1419 2173 1681 2243 γλῶσσαι
1723 2168 1879 2246 apud
1913 2169 2264 2228 Athenaeum
2301 2168 2552 2227 citantur
2583 2167 2646 2225 in
2682 2167 2893 2246 quibus

685 2282 851 2322 voces
878 2260 1135 2320 ethnicas
1161 2260 1509 2339 explicuerat
1533 2282 1546 2318 ε
1589 2260 1707 2318 vid.
1727 2260 1871 2317 VII.
1891 2251 1950 2338 p.
1975 2263 2115 2320 300.
2136 2260 2203 2318 F.
2287 2258 2590 2338 Aristoph.
2614 2257 2726 2317 Av.
2744 2261 2885 2317 486.

688 2374 724 2414 a
752 2351 1002 2413 Stanleio
1027 2351 1313 2422 laudatus,
1355 2351 1467 2411 Διά
1500 2353 1653 2411 ταῦτ’
1687 2352 1771 2429 ἄρ’
1804 2356 1956 2429 ἔχων
2001 2356 2088 2412 καὶ
2133 2357 2252 2420 νῦν,
2303 2358 2491 2428 ὥσπερ
2536 2350 2813 2425 βασιλεῦς
2853 2355 2886 2409 ὁ

686 2452 893 2524 μέγας,
942 2443 1239 2518 διαβάσκει
1286 2445 1414 2502 Ἐπὶ
1462 2451 1557 2516 τῆς
1618 2450 1864 2524 κεφαλῆς
1919 2449 2025 2514 τὴν
2082 2443 2416 2520 κυρβασίαν,
2485 2449 2598 2502 τῶν
2651 2445 2888 2519 ὀρνίθων

686 2541 873 2617 μόνος,
923 2539 1109 2615 ὀρθῇν.
1178 2535 1281 2594 ubi
1308 2536 1499 2595 Schol.
1536 2542 1678 2596 πᾶσι
1717 2537 1826 2614 γάρ
1864 2544 2108 2614 Πέρσαις
2145 2539 2280 2609 ἐξῆν
2309 2541 2411 2607 τὴν
2439 2541 2640 2613 τίαραν
2675 2541 2891 2614 φορεῖν,

688 2629 822 2689 ἀλλ’
852 2632 950 2687 οὐκ
972 2630 1175 2705 ὀρθήν,
1204 2633 1274 2686 ὡς
1304 2634 1652 2708 Κλείταρχος
1681 2632 1747 2688 ἓν
1784 2635 1850 2711 τῇ
1879 2629 2104 2713 δεκάτῃ.
2147 2632 2314 2706 μόνοι
2349 2628 2412 2687 δὲ
2437 2629 2487 2686 οἶ
2511 2634 2627 2687 τῶν
2659 2632 2894 2705 Περσῶν

688 2719 955 2795 βασιλεῖς
974 2706 1175 2794 ’ὀρθαῖς
1196 2721 1468 2797 ἐχρῶντο.
1513 2719 1810 2778 Plutarch.
1828 2719 1893 2778 in
1911 2719 2186 2788 Antonin,
2198 2722 2271 2776 'A
2278 2744 2360 2797 μα
2387 2719 2449 2777 δὲ
2477 2723 2566 2778 καὶ
2591 2722 2896 2797 προῆγαγε

686 2817 797 2871 τῶν
830 2810 1045 2871 παιδῶν
1073 2811 1455 2887 Ἀλέξανδρον
1486 2813 1596 2891 μὲν
1637 2814 1834 2882 ἐσθῆτι
1868 2811 2107 2894 Μηδικῇ,
2139 2817 2337 2887 τίαραν
2365 2814 2454 2869 καὶ
2483 2817 2693 2886 κίταριν
2721 2812 2896 2887 ὀρθὴν

690 2903 922 2987 ἐχοῦσῃ.
947 2921 1116 2980 quem
1131 2902 1322 2961 locum
1340 2901 1559 2961 diverse
1578 2909 1876 2961 tentarunt
1899 2901 2303 2961 Hemsterhus.
2325 2902 2398 2960 ad
2419 2901 2638 2960 Polluc.
2660 2902 2736 2959 X.
2756 2903 2890 2963 167.

687 2994 874 3071 Toup.
902 2993 966 3050 in
993 2991 1186 3051 Lexic.
1216 2992 1324 3050 IV.
1347 3012 1407 3070 p.
1440 2995 1577 3055 397.
1664 2992 1819 3051 Mihi
1846 2993 2076 3072 quidem
2104 2992 2410 3070 legendum
2441 2992 2668 3051 videtur
2694 2997 2894 3068 τίαραν

696 3082 901 3159 (ἤγουν
932 3082 1173 3159 κίταριν)
1206 3085 1375 3158 ὀρθὴν
1405 3085 1638 3163 ἑχοίισῃ,
1663 3090 1733 3141 ut
1759 3103 1924 3144 voces
1953 3083 2238 3143 uncinulis
2266 3084 2694 3161 comprehensae
2710 3104 2899 3161 gram-

690 3173 888 3232 matici
914 3172 1030 3231 sint
1064 3172 1363 3249 cujusdam
1389 3174 1465 3231 ad
1490 3173 1807 3251 marginem
1846 3173 1983 3233 olim
2011 3174 2278 3253 appictae.
2361 3174 2618 3233 Erotian.
2665 3175 2896 3251 Κυρβα-

658 3300 663 3311 =
696 3271 848 3325 σίαν.
892 3269 995 3334 τὴν
1032 3269 1356 3343 λεγομένην
1399 3259 1617 3340 τιάραν.
1659 3264 1956 3324 Ἑκαταῖος
1985 3266 2045 3325 δέ
2073 3279 2264 3345 φησιν,
2294 3265 2377 3325 ὅτι
2417 3272 2588 3324 πῖλον
2613 3265 2898 3344 βαρβαρι-

696 3358 795 3417 κὸν
830 3360 881 3416 οἱ
925 3359 1144 3433 κωμικοὶ
1188 3362 1446 3432 λέγουσι.
1533 3358 1646 3416 Pro
1680 3360 1900 3438 κωμικοὶ
1931 3357 2079 3416 forte
2116 3356 2509 3435 reponendum
2538 3364 2774 3427 Κίλικες,
2806 3359 2900 3417 vel

697 3448 854 3509 aliud
894 3467 1106 3507 nomen
1144 3448 1375 3525 gentile.
1477 3450 1777 3508 Interdum
1807 3449 2102 3508 dicebatur
2129 3448 2320 3525 τιάρας
2352 3448 2668 3508 masculino
2693 3469 2903 3528 genere

700 3538 960 3617 Hesych.
1002 3540 1203 3615 Τιάρα.
1254 3544 1287 3609 ἦ
1320 3545 1609 3617 λεγομένη
1645 3540 1944 3617 κυρβασία.
2001 3542 2169 3623 ταύτῃ
2202 3539 2262 3599 δὲ
2299 3542 2350 3599 οἶ
2387 3546 2607 3613 Πέρσαι
2633 3540 2900 3616 βασιλεῖς

698 3637 862 3712 μόνοι
906 3634 1155 3709 ἐχρῶντο
1199 3634 1354 3711 ὀρθῇ.
1398 3634 1449 3691 οἱ
1483 3633 1545 3691 δὲ
1578 3637 1879 3710 στρατηγοὶ
1908 3635 2334 3715 ὕποκεκλιμένῃ.
2409 3630 2704 3708 “Ηρόδοτος
2732 3633 2794 3691 δὲ
2834 3636 2904 3691 ἑν

703 3726 773 3787 α’,
804 3724 1119 3799 ἀρρενικῶς.
1153 3721 1230 3798 (c.
1258 3725 1390 3781 132.
1414 3724 1618 3801 virgil.
1638 3725 1773 3782 AEn.
1798 3724 1938 3782 VII.
1965 3726 2101 3787 247.
2125 3743 2394 3800 sacerque
2417 3723 2652 3800 tiaras.)
2683 3724 2904 3783 Eadem

701 3812 874 3871 verba
899 3812 1073 3870 habet
1097 3811 1288 3870 Schol.
1310 3812 1535 3873 Platon.
1566 3816 1699 3873 185.
1721 3814 1928 3893 quibus
1956 3814 2260 3885 subnectit,
2285 3815 2432 3874 τινὲς
2459 3814 2521 3873 δὲ
2549 3818 2640 3874 καὶ
2664 3821 2904 3893 Κίταριν

702 3910 940 3979 λέγουσι
973 3903 1036 3962 τὸ
1070 3905 1228 3963 αὐτό.
1273 3908 1626 3981 Θεόφραστος
1654 3906 1716 3965 δὲ
1744 3908 1808 3965 ἐν
1837 3909 1911 3985 τῷ
1945 3910 2072 3983 περὶ
2106 3904 2410 3980 βασιλείας
2446 3912 2708 3983 Κυπρίων
2736 3914 2908 3982 λέγει

704 4001 807 4067 τὴν
850 4000 1105 4072 Κίταριν.
1216 3994 1351 4055 Fuit
1386 4004 1595 4067 autem,
1646 3996 1708 4056 ni
1742 3997 1926 4066 fallor,
1973 4004 2177 4075 κίταρις
2217 3997 2480 4057 diadema
2514 3997 2663 4057 circa
2697 3997 2906 4057 tiaram

702 4086 965 4165 ligatum.
1075 4087 1344 4166 Xenoph.
1391 4088 1606 4166 Cyrop.
1628 4089 1637 4105 ⁸
1656 4088 1832 4149 VIII.
1873 4091 1932 4147 3.
1980 4093 2072 4148 13.
2121 4095 2494 4167 προυφαίνετο
2533 4092 2564 4147 ὁ
2605 4094 2777 4167 Κῦρος
2817 4091 2908 4169 ἐφ’

702 4182 963 4256 ἅρματος,
1010 4181 1179 4256 ὀρθὴν
1218 4181 1369 4257 ἔχων
1408 4184 1510 4249 τὴν
1548 4181 1956 4260 τιάραν-εἶχε
1985 4181 2046 4239 δὲ
2073 4186 2163 4241 καὶ
2191 4181 2436 4260 διάδημα
2459 4185 2589 4259 περὶ
2625 4188 2693 4264 τῇ
2717 4183 2908 4259 τιάρᾳ.

706 4270 784 4328 Et
825 4270 1112 4329 Diodorus
1145 4269 1375 4348 quidem
1409 4269 1621 4345 κίδαριν
1654 4269 1862 4329 diserte
1893 4280 2058 4330 vocat
2096 4273 2338 4353 διάδημα
2376 4276 2668 4351 Περσικόν,
2700 4273 2908 4333 XVII.

706 4360 819 4420 Sed
845 4360 975 4420 vide
1000 4359 1249 4438 interpp.
1279 4360 1354 4419 ad
1375 4360 1634 4439 Hesych.
1652 4360 1716 4418 in
1729 4380 1888 4419 voce.
1931 4362 2091 4421 .Vid.
2113 4364 2354 4423 Lucian.
2375 4365 2548 4423 Deor.
2573 4364 2754 4423 Cone.
2781 4364 2909 4424 III.

704 4470 765 4526 p.
798 4454 935 4509 533.
1020 4450 1213 4509 Multa
1238 4450 1310 4510 de
1335 4450 1481 4509 tiara
1504 4450 1790 4527 congessit
1812 4451 2085 4513 Gataker.
2109 4454 2184 4514 A.
2209 4455 2304 4512 Μ.
2321 4454 2386 4512 P.
2409 4474 2459 4514 c.
2480 4458 2578 4513 24.
