3282 5193
1366 458 1456 511 IN
1493 459 1806 513 PnRsAs.
2543 446 2688 516 105

491 635 561 694 T.
587 635 639 695 Ῑ.
662 657 721 715 p.
748 639 843 694 24.
886 635 1049 695 οὐδὲν
1072 639 1237 706 ἄλλο,
1260 639 1295 706 ἢ
1322 637 1601 716 χλευάζει
1629 643 1793 716 ὑμᾶς.
1865 639 2031 698 Plato
2054 639 2292 698 Menon.
2319 641 2374 702 7.
2415 639 2502 699 ὅτι
2525 641 2690 700 οὐδὲν

494 727 625 786 ἄλλ’
650 730 685 798 ἢ
714 727 1020 788 ἐπιτάττεις
1048 731 1117 787 ἐν
1152 737 1266 789 τοῖς
1302 734 1520 802 λόγοις.
1604 730 1844 792 Lucina.
1877 730 2026 788 Dial.
2062 730 2212 788 Mar.
2243 729 2298 788 Ῑ.
2327 749 2400 808 p„
2418 733 2554 801 326,
2588 736 2686 793 90.

493 817 666 876 Plura
692 818 849 877 dabit
877 818 1128 878 Fischer.
1159 818 1465 878 Animadv.
1497 820 1570 878 ad
1586 820 1820 878 Welleri
1848 820 2106 878 Gramm.
2140 819 2244 878 Gr.
2269 819 2338 877 T.
2366 820 2471 878 IV.
2495 842 2554 900 p.
2587 825 2684 882 33.

491 908 780 968 Matthiae.
806 910 910 969 Gr.
932 911 1035 970 Gr.
1060 915 1115 984 §.
1135 913 1272 979 487,
1304 913 1361 969 8.
1445 911 1662 969 Eadem
1680 911 1796 970 fere
1815 911 2028 990 ellipsis
2049 911 2109 969 in
2128 911 2395 988 Sophocl.
2415 912 2686 972 Trachin.

489 1000 589 1060 fin.
661 1002 877 1061 Κοῦδὲν
905 1004 1112 1062 τούτων
1140 1003 1173 1061 ὅ
1199 1029 1250 1062 τι
1276 1007 1353 1081 μὴ
1382 1004 1534 1062 Ζεῦς.
1621 1002 1774 1061 Phil.
1813 1007 1984 1061 1144.
2030 1002 2156 1061 Liv.
2189 1003 2310 1061 ῙῙῙ.
2343 1004 2438 1061 26.
2485 1011 2545 1062 et
2580 1006 2690 1062 illa

488 1095 714 1168 quidem
741 1101 906 1152 noete
932 1096 1080 1153 nihil
1093 1102 1489 1171 preater-quam
1516 1095 1818 1168 viyilatum
1846 1101 1935 1152 est
1963 1096 2023 1152 in
2049 1095 2209 1152 urbe.

570 1250 706 1306 218.
762 1224 1247 1310 ’Υπεῦθυνοςκ
1315 1248 1432 1313 Qui
1452 1249 1534 1304 ad
1552 1249 1808 1304 rationes
1824 1248 2147 1307 reddendas
2162 1249 2504 1322 coyipoem't.
2550 1247 2684 1307 vid.

492 1335 742 1394 Glossar.
775 1334 1069 1393 Prometb.
1104 1337 1239 1393 332.
1325 1333 1607 1393 Herodot.
1635 1332 1758 1390 ΙΙΙ.
1791 1336 1885 1401 80,
1913 1336 1968 1393 9.

567 1494 706 1548 221.
764 1464 1260 1571 Προστροπή.
1348 1489 1732 1564 Supplicatio.
1836 1487 2076 1564 Proprie
2128 1490 2429 1557 conver-sie,
2480 1507 2558 1546 sc.
2610 1491 2692 1547 ad

487 1579 659 1635 Deos.
746 1575 929 1640 Simili
949 1576 1065 1634 fere
1091 1575 1365 1634 metabasi
1394 1577 1669 1634 ἱκνεῖσθαι
1697 1576 2028 1650 supplicare
2053 1573 2349 1652 significat,
2374 1573 2536 1653 cujus
2563 1594 2686 1634 sen-

486 1689 583 1728 sus
609 1668 912 1747 primarius
939 1667 1050 1725 fuit
1076 1670 1282 1726 venire.
1350 1667 1614 1746 Choepb.
1644 1671 1734 1728 19.
1776 1665 1848 1724 ὥς
1876 1668 1952 1724 ἂν
1981 1673 2166 1745 σαφῶς
2188 1667 2370 1726 Μάθω
2400 1673 2684 1742 γυναικῶν

486 1767 599 1832 ἥτις
641 1761 738 1832 ἥδε
775 1761 1111 1835 προστροπή.
1166 1758 1307 1817 ibid.
1339 1761 1437 1818 83.
1508 1758 1754 1817 Eumen.
1791 1759 1920 1821 716.
2005 1758 2185 1837 Soph.
2217 1758 2354 1817 OEd.
2385 1759 2512 1818 Col.
2543 1764 2682 1820 558.

485 1852 684 1930 Eurip.
736 1852 952 1910 Alcest.
1006 1853 1178 1910 1159.
1265 1850 1491 1928 Βωμοῦς
1548 1875 1609 1910 τε
1665 1855 1866 1927 κνισᾷν
1911 1848 2238 1924 βουθύτοισι
2291 1859 2681 1928 προστροπαῖς.

485 1944 714 2003 Heracl.
745 1945 877 2003 108.
908 1945 1124 2001 ”Αθεον
1153 1945 1366 2001 ἱκεσίαν
1394 1947 1651 2018 μεθεῖναι
1679 1945 1849 2000 πόλιν
1879 1946 2084 2004 Εενῶν
2110 1943 2484 2020 προστροπάν.

566 2099 701 2154 222.
759 2081 1133 2177 Φλαῧρος.
1220 2097 1436 2153 Μαίας.
1527 2097 1857 2171 Insanum.
1940 2096 2212 2165 Timaeum
2261 2103 2540 2172 Φλαῦρον.
2582 2123 2681 2158 πο·

486 2187 677 2260 νηρόν.
762 2182 943 2250 PlatO,
969 2202 1003 2239 a
1030 2181 1377 2240 Ruhnkenio
1404 2182 1631 2250 citatus,
1661 2182 1965 2257 βουληθεὶς
1994 2183 2106 2259 γάρ
2132 2182 2166 2242 o‘
2196 2184 2320 2242 θεὸς
2348 2186 2543 2258 ἀγαθά
2572 2189 2681 2262 μὲν

482 2275 689 2344 πάντα,
718 2280 966 2351 φλαῦρον
996 2273 1057 2332 δὲ
1083 2273 1258 2350 μηδὲν
1287 2274 1431 2331 εἶναι
1465 2273 1605 2331 nard
1633 2273 1892 2351 δῦναμιν.
1937 2274 2217 2333 Herodot.
2247 2275 2391 2333 VII.
2423 2279 2513 2334 10.
2547 2273 2680 2336 Ἐλ-

478 2373 691 2437 λήνων,
721 2371 817 2427 οὒκ
856 2369 1065 2425 ἐόντων
1093 2367 1263 2432 ἀξίων
1290 2367 1543 2442 φλαὺρως
1583 2367 1830 2424 ἀκούειν.
1913 2364 2044 2423 Vid.
2079 2365 2331 2424 Pierson.
2363 2365 2438 2423 ad
2464 2366 2679 2425 Moerin

478 2478 539 2538 p.
571 2463 707 2519 385.
780 2459 1089 2518 Ruhnken.
1112 2457 1184 2515 ad
1210 2457 1413 2515 Timae.
1439 2477 1498 2534 p.
1522 2459 1658 2521 271.
1745 2455 2123 2532 Distinguunt
2149 2456 2505 2534 grammatici
2529 2457 2679 2516 inter

478 2556 688 2633 φαῦλος
718 2559 775 2612 et
802 2556 1064 2631 φλαῦρος,
1094 2569 1225 2628 quoe
1252 2567 1417 2608 voces
1444 2548 1640 2607 eodem
1673 2567 1841 2607 sensu
1868 2557 2252 2626 usurpantur-3
2295 2553 2505 2627 φαῦλος
2522 2569 2672 2621 vero,

480 2643 529 2702 si
574 2645 719 2702 bene
760 2644 1009 2711 memini,
1060 2642 1270 2721 saepius
1325 2641 1395 2700 de
1447 2641 1724 2719 personis,
1774 2645 2015 2719 φλαῦρυς
2071 2639 2140 2698 de
2193 2641 2364 2699 rebus
2417 2642 2669 2719 ponitur.
2769 2694 2780 2703 .

477 2735 898 2793 Vocabulorum
937 2734 1149 2792 radices
1186 2732 1421 2791 diversae
1460 2740 1614 2790 sunt.
1660 2738 1909 2811 φλαῦρον
1935 2732 1996 2790 id
2030 2732 2257 2810 proprie
2285 2732 2493 2791 dieitur
2518 2733 2675 2811 quod

480 2830 597 2886 leve
634 2834 736 2895 est,
768 2834 825 2884 et
862 2827 1075 2884 nullius
1102 2826 1395 2899 ponderis.
1478 2823 1532 2880 A
1570 2831 1753 2882 matre
1793 2824 1933 2901 ejuS,
1968 2830 2139 2900 φλέω,
2169 2824 2432 2901 provenit
2451 2818 2674 2902 'magna

476 2918 778 2975 verborum
805 2917 1034 2986 familia,
1065 2917 1239 2995 φλέψ,
1269 2920 1452 2994 φλὲυς,
1484 2914 1726 2992 φλέδων,
1756 2915 1934 2994 φλάω,
1964 2920 2178 2993 φλέγω,
2218 2916 2418 2993 φλύαξ,
2460 2921 2666 2993 φλοιός,

475 3008 765 3087 φλοῖσβος,
794 3011 968 3085 φλύω,
997 3010 1261 3085 φλυαρός,
1291 3012 1550 3085 φλαῦρος,
1581 3026 1712 3084 quae
1760 3006 1951 3064 omnia
1993 3005 2238 3064 levitatis
2281 3013 2339 3064 et
2383 3005 2672 3066 inanitatis

474 3102 766 3160 notionem
793 3101 1026 3160 babent.
1077 3089 1243 3157 'Vid.
1277 3098 1527 3157 Glossar.
1558 3098 1619 3155 in
1648 3097 1940 3155 Prometh.
1972 3100 2109 3155 513.

553 3258 687 3314 223.
744 3229 1129 3333 Ἐκτελής.
1217 3256 1543 3329 Perfectus.
1628 3252 1882 3311 Similem
1922 3250 2098 3329 hujus
2124 3251 2274 3310 vocis
2316 3272 2485 3310 usum
2523 3252 2666 3311 desi-

470 3342 623 3401 dere.
710 3343 782 3400 In
818 3339 1019 3418 Eurip.
1052 3341 1178 3398 Ion.
1224 3342 1358 3403 780.
1402 3340 1565 3398 aliter
1605 3338 1840 3416 ponitur
1882 3342 2084 3409 ἐκτελῆ
2129 3344 2366 3397 νεανίαν
2403 3340 2664 3397 adultum

453 3436 735 3509 juvenem.
823 3431 937 3489 Sed
962 3430 1044 3488 ibi
1067 3430 1369 3507 legendum
1397 3436 1541 3506 puto
1569 3432 1796 3499 ἐντελῆ.

548 3576 686 3630 224.
740 3549 963 3627 Χοαῖ.
1047 3569 1369 3626 Libamina.
1453 3566 1587 3625 vid.
1609 3567 1760 3624 infra
1788 3565 1861 3624 ad
1888 3586 1942 3625 v.
1970 3568 2106 3625 615.

548 3723 683 3778 225.
744 3699 1031 3777 Φθιτοί.
1116 3718 1366 3775 Mortui.
1450 3721 1696 3795 φθαρτοί,
1742 3722 1951 3787 θνητοί,
2001 3722 2200 3792 νεκροί,
2247 3716 2504 3795 Hesych.
2561 3719 2660 3796 qui

465 3806 675 3885 saepius
707 3805 975 3865 dicuntur
1008 3809 1283 3882 φθιμένοι.
1386 3803 1547 3861 Infra
1573 3808 1712 3865 529.
1759 3808 1836 3885 γῇ
1870 3828 1932 3863 τε
1969 3809 2056 3863 καὶ
2094 3809 2301 3883 φθιτοῖς
2337 3803 2654 3882 δωρήματα.

464 3899 664 3976 Eurip.
697 3896 939 3975 Hippol.
978 3898 1148 3959 1437.
1210 3900 1332 3975 ἐμοὶ
1381 3896 1491 3971 γαῖρ
1534 3900 1599 3954 οὒ
1649 3901 1804 3973 θέμις
1853 3894 2074 3973 φθιτοὺς
2118 3892 2276 3974 ὄρᾷν.
2359 3896 2486 3955 Alc.
2525 3901 2656 3957 100.

460 3988 685 4069 χέρνιβ’
728 3992 818 4047 ἐπὶ
860 3992 1066 4066 φθιτῶν
1109 3989 1335 4047 πύλαις.
1422 3987 1624 4066 Suppl.
1667 3990 1764 4048 89.
1821 3988 1892 4047 ro)
1937 3989 2050 4063 γοὶρ
2091 3993 2298 4066 φθιτῶν
2341 3996 2451 4048 τοῖς
2491 3984 2658 4064 ὁρῶσι

460 4088 681 4162 κόσμος.
765 4080 972 4140 Nescio
1001 4100 1074 4137 an
1099 4080 1209 4137 hae
1233 4098 1369 4137 voce
1397 4097 1535 4137 usus
1562 4078 1637 4137 sit
1667 4073 1995 4156 Sophocles.

529 4240 685 4297 Ibid.
738 4211 1196 4316 Πρευμενής.
1280 4232 1473 4290 Mitis.
1561 4232 1961 4311 Compositum
2037 4254 2074 4292 a
2137 4232 2314 4291 veteri
2379 4230 2656 4309 adjectivo

458 4326 643 4401 πρεΰς,
688 4323 840 4402 quod
890 4328 1089 4399 postea
1132 4319 1483 4379 scribebatur
1532 4319 1721 4396 πρηῧς,
1766 4319 1908 4396 (vid.
1955 4338 2129 4399 supra
2161 4317 2322 4394 195.)
2368 4326 2426 4375 et
2463 4324 2653 4397 μένος.

460 4420 711 4500 Etymol.
742 4418 832 4476 M.
862 4438 933 4495 p..
950 4418 1084 4484 687,
1123 4420 1174 4473 l.
1243 4417 1586 4492 Πρευμενὴς,
1618 4415 1732 4472 ἀπὸ
1762 4415 2032 4491 roim-pub
2055 4420 2222 4491 μένος
2253 4416 2434 4491 ἔχειν·
2481 4416 2514 4483 ἢ
2542 4416 2655 4473 ἀπὸ

459 4518 555 4573 τοῦ
578 4516 747 4589 πρᾶος
776 4513 865 4569 καὶ
895 4511 1153 4586 εὐμενής.
1199 4510 1522 4585 Λυκόφρων.
1558 4504 1793 4584 (1055.)
1836 4506 2093 4585 Hesych.
2139 4509 2495 4583 Πραῦμενῶς,
2527 4530 2652 4585 προ-
