3282 5193
1312 429 1405 483 IN
1441 430 1752 484 PERsAs.
2543 413 2640 486 91
2758 411 2768 416 “

440 605 654 674 tuaria,
676 613 732 664 et
758 604 979 675 exinde,
989 626 1141 683 pons
1168 626 1237 664 ex
1257 607 1487 664 ratibus
1512 627 1682 683 opere
1712 607 2090 666 tumultuario
2101 610 2332 684 factus,
2351 615 2418 666 ut
2445 627 2642 668 vocem

438 699 583 756 bene
624 698 869 775 explicat
915 699 1010 757 AE.
1064 699 1273 756 Portus
1314 698 1376 756 in
1420 698 1561 756 Lex.
1608 697 1824 756 Ionico.
1911 698 2004 757 cf.
2054 699 2336 757 Herodot.
2387 699 2494 757 IV.
2543 701 2639 760 88.

438 788 615 847 VIII.
667 792 796 853 107.
855 793 985 848 108.
1059 789 1157 848 ubi
1199 796 1405 865 pontes
1446 789 1617 847 modo
1663 789 1914 868 σχεδίας,
1956 790 2130 848 modo
2175 791 2417 867 γεφύρης
2455 799 2640 850 vocat.

441 879 698 958 Hesych.
751 881 982 960 Σχεδία.
1012 887 1176 960 μικρὰ
1210 887 1363 939 ναῦς.
1396 883 1427 949 ἢ
1457 881 1616 951 aad,
1649 884 1690 940 ἃ
1720 881 2030 951 συνδέουσι,
2061 887 2150 940 καὶ
2179 882 2319 941 οὕτω
2347 888 2644 941 πλέουσιν.

438 973 749 1050 -Σχεδίη,
816 979 848 1044 ὴ
905 979 1119 1032 εἰκαίως
1172 979 1523 1049 πεποιημένη
1582 979 1734 1044 ναῦς,
1785 973 2063 1047 διάβασις,
2114 981 2347 1053 γέφυρα,
2397 978 2642 1050 ζεῦγμα.

439 1063 573 1120 vid.
604 1064 874 1123 Eustath.
903 1087 963 1142 p.
1002 1069 1172 1135 1533,
1200 1069 1256 1123 2.
1321 1068 1491 1134 1521,
1526 1069 1619 1123 22.
1678 1066 1880 1144 Eurip.
1915 1066 2140 1127 Hecub.
2179 1070 2310 1126 113.
2353 1064 2643 1124 Theocrit.

443 1154 607 1212 XVI.
638 1159 738 1214 40.

525 1296 621 1355 71.
676 1271 1275 1378 *Πολύγομφοςκ
1349 1293 1566 1352 Multis
1587 1294 1764 1352 clavia
1785 1301 2130 1368 compactus.
2203 1293 2458 1372 Singulae
2476 1313 2646 1353 naves

443 1379 614 1438 clavis
650 1390 980 1458 compactae,
1022 1382 1257 1440 funibus
1296 1379 1447 1440 inter
1482 1401 1542 1440 se
1578 1400 1849 1440 connexae
1888 1381 2140 1439 fuerunt.
2225 1381 2404 1440 Navis
2441 1381 2649 1440 dicitur

445 1469 788 1548 γομφόδετον
832 1472 959 1548 δόρυ
988 1473 1193 1550 Suppl.
1226 1474 1363 1530 853.

520 1610 676 1670 laid.
737 1587 1161 1689 *⁶06mpa.
1258 1614 1387 1672 Via.
1472 1614 1686 1673 vocem
1714 1633 1995 1693 nusquam
2024 1615 2159 1674 alibi
2187 1615 2419 1674 offendi.

528 1763 621 1823 74.
680 1737 1027 1844 Θούριος.
1113 1764 1282 1822 Acer.
1368 1763 1528 1823 Infra
1554 1766 1688 1828 760.
1773 1765 1908 1824 vid.
1935 1765 2188 1824 Glossar.
2211 1764 2274 1824 in
2295 1765 2482 1824 Theb.
2505 1769 2605 1825 42.

527 1912 619 1972 75.
676 1885 1185 1990 *Πεζόνομοςκ
1278 1912 1386 1969 Cui
1414 1920 1576 1970 terra
1604 1913 1866 1987 contiqit,
1886 1920 1952 1970 ut
1981 1912 2325 1991 πεδιόνομος,
2345 1915 2438 1970 cui
2465 1917 2652 1990 campi

442 2004 598 2056 sorte
624 1999 863 2056 dantur.
920 1996 1105 2054 Theb.
1134 1999 1269 2056 258.
1355 1995 1688 2074 Composita
1715 2019 1748 2056 a
1780 2005 1929 2076 νέμω
1958 1997 2600 2077 adamavit-fflschylus.

528 2151 623 2212 76.
684 2123 1283 2229 *Ποιμανόριον.
1372 2149 1527 2208 Grex
1565 2150 1866 2210 hominum.
1952 2149 2219 2208 Eustath.
2253 2150 2325 2208 ad
2369 2149 2537 2208 nias.
2575 2151 2647 2208 B.

444 2255 505 2314 p.
540 2239 672 2304 212,
704 2240 801 2294 42.
846 2236 907 2294 τὸ
940 2239 1019 2304 δέ,
1050 2242 1261 2311 ποιμὴν
1288 2241 1461 2305 λαῶν,
1492 2237 1698 2294 ταύτὸν
1736 2236 1804 2296 ὃν
1838 2241 1916 2316 τῷ
1949 2239 2240 2314 ποιμάνωρ
2273 2235 2448 2314 (infra
2477 2239 2644 2315 246.)

446 2333 719 2388 συνθέτως
777 2329 1065 2406 Αἶσχύλοε
1120 2332 1323 2404 εἴρηκε,
1368 2333 1457 2386 καὶ
1512 2330 1575 2388 τὸ
1624 2335 1873 2389 τοιοῦτον
1929 2336 2209 2406 ποίμνιον,
2261 2330 2648 2405 ποιμανόριον.

447 2420 703 2498 Hesych.
753 2423 1074 2497 Ποιμᾶνωρ.
1105 2424 1333 2499 ποιμὴν,
1362 2422 1397 2490 ἢ
1433 2419 1733 2494 βασιλεύς.
1809 2421 2030 2480 Glossae
2058 2420 2190 2479 vet.
2241 2426 2532 2498 Ποιμαίνω
2561 2423 2652 2478 ἐπὶ
2695 2452 2708 2486 χ

446 2513 775 2588 ἀνθρώπων,
809 2513 988 2588 Reyo.

529 2657 624 2718 77.
682 2628 1037 2737 Διχόθεν.
1127 2654 1215 2712 Em
1241 2656 1481 2714 diversis
1496 2655 1792 2732 partibus,
1823 2674 1903 2713 sc.
1935 2660 2086 2713 mari
2110 2674 2180 2713 ae
2209 2662 2388 2713 terra.
2464 2656 2528 2712 ἐκ
2555 2654 2650 2714 δύο

448 2747 652 2819 μερῶν.
710 2740 967 2817 Hesych.

531 2884 629 2940 80.
684 2858 1028 2967 Ἐφέτης.
1113 2880 1267 2938 Duce.
1373 2880 1702 2961 Hesychius
1751 2882 1848 2960 (ex
1893 2880 2118 2950 Lexico‚
2165 2888 2232 2939 ut
2277 2880 2495 2959 opinor,
2543 2889 2654 2941 tra-

450 2968 627 3047 gico).
698 2973 951 3048 Ἐφέταε.
996 2966 1118 3026 τοὺς
1149 2972 1447 3043 ,ἡγέμονας
1488 2974 1596 3030 τῶν
1646 2975 1898 3045 Περσῶν,
1949 2975 2421 3049 καταχρηστικῶς.
2466 2928 2688 3048 nuptm(

450 3062 510 3121 δὲ·
552 3064 604 3121 οἱ
653 3066 749 3120 τὰς
789 3065 1015 3139 φονικὰς
1057 3060 1207 3119 δίκας
1246 3061 1513 3146 Ἀθὴνῃσι
1557 3062 1893 3131 δικάζοντες.
1979 3062 2067 3121 De
2103 3062 2194 3121 his
2221 3062 2350 3120 vide
2376 3062 2654 3141 insignem

448 3154 638 3211 locum
666 3172 735 3211 ex
765 3152 1063 3211 Pausaniae
1102 3151 1311 3211 Lexico
1353 3153 1717 3231 depromtum
1755 3152 1910 3233 apud
1948 3153 2108 3212 Suid.
2140 3154 2198 3211 in
2225 3175 2280 3212 v.
2325 3156 2448 3213 Ἐπὶ
2497 3160 2657 3213 Παλ-

450 3246 643 3325 λαδίῳ,
672 3244 773 3302 ubi
806 3244 1015 3303 citatus
1043 3244 1433 3323 Κλειτόδημος,
1464 3266 1656 3305 rerum
1698 3246 2024 3305 Atticarum
2064 3246 2322 3323 scriptor,
2353 3247 2454 3324 qui
2493 3267 2652 3325 repo-

448 3338 668 3395 nendus
710 3342 797 3393 est
831 3335 895 3393 in
933 3334 1228 3394 Plutarchi
1268 3336 1493 3395 Tbeseo
1518 3357 1578 3415 p.
1614 3340 1709 3395 23.
1753 3356 1860 3413 pro
1889 3337 2221 3413 Κλείδημος,
2253 3337 2407 3413 quod
2447 3356 2658 3395 nomen

449 3425 853 3487 Valckenaerio
882 3425 1071 3483 fraudi
1097 3425 1207 3483 fuit
1235 3427 1307 3483 ad
1337 3426 1578 3504 Hippol.
1602 3448 1665 3503 p.
1692 3429 1826 3483 162.
1854 3431 1904 3484 1.
1931 3427 2002 3483 Β.
2077 3426 2262 3483 Simili
2290 3427 2495 3486 menda
2520 3447 2662 3503 pur-

450 3518 702 3596 gandum
735 3515 989 3592 Etymol.
1024 3516 1110 3573 Μ.
1136 3538 1196 3593 p.
1229 3520 1361 3585 775,
1396 3521 1453 3573 2.
1496 3516 1633 3594 item
1665 3517 1868 3575 Suidas
1895 3536 1987 3573 vv.
2039 3516 2282 3585 ’'An-eoa,
2327 3517 2662 3586 Ἠπέδιζον,

453 3612 832 3677 Πυκνή,“Υης.
912 3606 1231 3665 Athenaeus
1258 3607 1367 3666 VI.
1402 3610 1537 3666 235.
1570 3608 1644 3665 A.
1678 3607 1843 3666 XIV.
1878 3608 2012 3666 660.
2045 3608 2120 3665 D.
2165 3608 2264 3686 qui
2291 3608 2664 3687 corrigendus

452 3721 521 3759 ex
565 3698 859 3779 Hesychio
901 3719 955 3757 v.
1002 3699 1143 3757 Βοῦς
1188 3697 1443 3775 ἕβδομος.
1529 3698 1850 3756 Fatendum
1899 3700 2128 3777 quidem
2178 3707 2264 3757 est
2317 3700 2660 3777 AEschylum

328 3800 337 3809 ‘
450 3792 609 3852 haud
637 3811 763 3850 raro
790 3791 1065 3849 vocabula
1096 3790 1283 3849 civilia
1317 3790 1377 3848 in
1415 3810 1534 3849 rem
1574 3790 1878 3849 militarem
1916 3790 2236 3860 detorsisse,
2269 3792 2478 3851 dicitur
2505 3794 2655 3851 enim

452 3884 709 3961 equitum
744 3883 1069 3960 praefectuS,
1100 3885 1290 3941 ἵππων
1328 3882 1622 3959 βραβεὺε;
1668 3890 1727 3940 at
1765 3881 1824 3939 in
1860 3881 1971 3940 hoc
2002 3882 2126 3951 loco
2155 3883 2300 3941 nihil
2327 3885 2558 3943 omnino
2586 3884 2665 3943 de

452 3978 672 4055 ἐφέταις
719 3975 1025 4053 φονοδίκοιε
1067 3975 1373 4053 cogitabat,
1408 3974 1508 4033 sed
1547 3992 1650 4051 per
1691 3976 1883 4050 ἑφέτης
1929 3974 2240 4050 exprimere
2267 3976 2493 4034 volebat
2535 3996 2661 4032 eum.

456 4070 553 4144 qui
608 4068 865 4134 mandat,
911 4066 983 4123 ab
1027 4068 1255 4145 ἑφίημι;
1299 4066 1451 4124 unde
1492 4068 1727 4143 ἐφετμή.
1779 4070 2001 4135 ἐντολή.
2068 4066 2326 4143 Hesych.
2377 4088 2507 4144 quae
2549 4088 2659 4126 vox

454 4158 700 4217 occurrit
728 4156 993 4235 Choeph.
1028 4160 1165 4217 298.
1210 4158 1454 4215 Eumen.
1486 4160 1624 4214 241.

532 4300 690 4357 Ibid.
734 4271 1323 4379 ,3va60y6v090
1390 4297 1567 4373 'Auro
1594 4302 1778 4353 satus.
1865 4294 2055 4353 Schol.
2102 4297 2164 4354 τὸ
2193 4296 2254 4354 δὲ
2281 4296 2655 4375 χρυσονόμου,

458 4389 587 4445 ἀντὶ
614 4394 707 4445 τοῦ
738 4391 1015 4444 πλουσίας
1044 4386 1191 4442 εἶπε.
1235 4388 1382 4441 τίνες
1412 4383 1471 4441 δὲ
1507 4382 1862 4461 χρυσογόνου
1901 4388 2155 4455 λέγουσι,
2188 4382 2278 4441 διαῖ
2306 4386 2401 4442 τὸν
2433 4390 2660 4459 Περσέα

458 4479 570 4535 ἀπὸ
600 4483 815 4557 χρυσοῦ
842 4482 1215 4553 γεγενῆσθαι·
1264 4478 1293 4535 ὃ
1323 4479 1410 4535 καὶ
1438 4474 1694 4551 βέλτιον.
1760 4474 1894 4532 Vid.
1920 4474 2370 4552 antiquissimam
2395 4477 2463 4535 de
2491 4478 2661 4539 Perse
