3282 5193
1239 468 1329 521 IN
1368 469 1682 522 PERSAs.
2418 455 2566 527 163

352 643 623 720 Apollon.
647 643 835 702 Rhod.
858 644 907 704 Ῑ.
936 647 1107 703 1114.
1138 650 1277 723 φαίι
1280 670 1371 704 ετο
1400 645 1443 704 δ’
1458 650 1658 722 ἠερόεν
1675 649 1855 723 στόμα
1887 650 2195 724 Βοσπόρου.
2257 646 2548 707 Theocrit-

354 734 558 794 XXII.
585 739 680 794 28.
726 741 1011 816 νιφόεντος
1037 740 1349 814 ἆταρτηρὸν
1377 741 1559 816 στόμα
1582 743 1821 797 Πόντου.
1906 738 2145 817 Dionys.
2173 737 2384 816 Perieg.
2413 741 2546 797 140.

352 832 417 905 τῇ
446 827 491 886 δ’
518 822 611 888 ἔπι
640 833 907 904 Θρηικιον
936 835 1115 909 στόμα
1148 835 1461 909 Βοσπόρου.

430 981 568 1040 883.
642 961 893 1065 Πρων.
980 986 1454 1043 Promontorium.
1537 983 1671 1094 Ἥᾷ.
1703 1002 1878 1062 supra
1911 985 2041 1042 136.
2126 983 2325 1042 Innuit
2351 981 2548 1061 penin-

354 1068 537 1128 sulam
565 1071 837 1142 Ionicam,
871 1071 1019 1132 Chio
1046 1073 1388 1151 oppositam.

431 1221 586 1279 aid.
632 1203 1181 1305 Περικλυστος.
1270 1225 1659 1301 Circumfluus.
1745 1223 1879 1282 Vid.
1911 1242 2084 1300 supra
2114 1226 2250 1282 602.

430 1386 567 1448 887.
636 1362 1029 1444 Συνᾶπτω.
1121 1387 1434 1460 Contiyuus
1450 1407 1591 1444 eum.
1677 1383 2020 1464 Plerumque
2041 1385 2323 1463 significat
2343 1387 2546 1460 colligo

350 1471 440 1529 vel
468 1493 718 1531 comer-0.
800 1473 1057 1532 Eandem
1096 1481 1289 1532 tamen
1314 1474 1429 1531 vim
1464 1475 1640 1532 habet
1678 1473 1834 1552 apud
1862 1473 2241 1541 Herodotum,
2275 1473 2550 1532 συνάπτει

350 1567 428 1642 τῷ
452 1563 639 1642 πεδίῳ.
671 1571 729 1622 et
756 1564 965 1641 saepius
992 1565 1145 1642 apud
1174 1565 1528 1633 Strabonem,
1560 1584 1611 1624 e.
1636 1585 1694 1642 g.
1720 1585 1778 1643 p.
1801 1567 1940 1627 237.
1966 1562 2036 1621 C.
2067 1584 2125 1642 p.
2159 1567 2294 1624 250.
2320 1566 2396 1624 D.
2457 1566 2550 1625 Sic

349 1656 632 1732 προσόψει
662 1655 928 1734 Sophocl.
961 1657 1095 1715 OEd.
1126 1656 1196 1714 T.
1230 1658 1366 1714 663.
1423 1657 1539 1715 τάδ’
1581 1661 1629 1716 εἶ
1678 1663 1858 1715 κακοῖς
1905 1657 2068 1714 Karta*
2112 1655 2396 1731 προσάψει
2439 1667 2550 1717 τοῖς

349 1750 533 1808 πάλαι
576 1749 645 1807 ra*
688 1750 820 1825 πρὸς
865 1753 1034 1826 σφῷν.
1114 1748 1315 1806 Paullo
1355 1748 1518 1806 aliter
1557 1748 1762 1826 Eurip.
1793 1748 1998 1806 Phoen.
2039 1752 2170 1807 115.
2224 1755 2310 1808 καὶ
2339 1750 2546 1827 τάφρου

350 1845 529 1899 πέλας
558 1843 755 1921 Δρόμῳ
782 1843 1032 1916 ξυνῆψεν
1064 1842 1204 1898 ἄστυ
1230 1841 1516 1916 Καδμείας
1540 1843 1766 1918 χθονός.
1854 1840 2138 1898 Herodoti
2159 1841 2318 1900 locus
2348 1853 2434 1901 est
2454 1844 2538 1901 II.

356 1931 1033 1993 75Vid.E1ms1eium
1059 1931 1134 1990 ad
1161 1931 1461 2010 Sophoclis
1484 1932 1699 1990 locum.

430 2086 568 2146 889.
622 2064 1061 2168 Ἀγχιαλος.
1118 2081 1285 2140 Mari
1304 2084 1539 2140 vicinus.
1596 2081 1816 2140 Mirum
1849 2083 2053 2142 insulae
2075 2083 2390 2162 epitheton.
2452 2085 2545 2144 Sic

349 2173 616 2250 Sophocl.
646 2172 809 2251 Ajac.
847 2175 979 2229 135.
1051 2175 1282 2245 Σαλαμῖ
1263 2193 1373 2228 ινος
1413 2171 1564 2246 ἔχων
1589 2168 1811 2246 βάθρον
1837 2165 2149 2248 ἀγχιάλου.
2238 2171 2542 2241 Porsonus,

346 2267 589 2326 Advers.
619 2288 679 2345 p.
716 2270 848 2326 183.
879 2271 1170 2341 comparat
1197 2263 1271 2331 Q.
1297 2263 1525 2322 Calabr.
1555 2263 1736 2323 XIII.
1767 2267 1905 2327 467.
1950 2263 2241 2343 ἀγχιάλου
2268 2267 2547 2326 Τενέδοιο.

352 2358 661 2418 Geminum
698 2355 1021 2415 inAnthol.
1044 2354 1150 2412 IV.
1174 2373 1235 2431 p.
1268 2357 1404 2414 299.
1426 2353 1579 2412 HSt.
1623 2353 1876 2430 ὑβρίζων
1904 2359 2234 2434 Μαραθωνα
2257 2361 2341 2415 καὶ
2372 2361 2549 2436 ἄγχι·

349 2445 495 2508 α’λου
526 2448 889 2526 Σαλαμῖνος“’
896 2453 1082 2524 Εργα.

426 2604 584 2661 Ibid.
641 2583 697 2685 †
720 2578 1154 2660 Μεσακτος.
1237 2595 1498 2655 Mediam
1542 2598 1731 2656 sedem
1778 2598 2039 2657 obtinens
2086 2600 2241 2656 inter
2282 2600 2442 2658 Λεία·
2489 2609 2548 2659 et

346 2691 600 2766 Europae
624 2708 772 2747 orae.
857 2686 952 2745 Sic
975 2685 1386 2762 interpretatur
1412 2683 1727 2743 Heathius.

403 2843 557 2903 896.
613 2821 946 2920 Κλῆρος.
1030 2838 1230 2911 Regio.
1328 2844 1482 2895 certa
1520 2844 1690 2896 terrae
1731 2837 1920 2914 portio
1974 2837 2188 2897 colonis
2229 2838 2546 2916 adsignata.

348 2927 540 2987 Schol.
572 2926 841 3005 Sophocl.
870 2924 969 3004 Aj.
1003 2926 1138 2983 508.
1223 2924 1696 3002 κληροῦχοι-οὓς
1729 2927 1984 3003 ἔπεμπον
2011 2924 2304 2995 Ἀθηναῖοι
2333 2928 2421 2983 ἐπὶ
2453 2934 2549 2985 τὰς

346 3022 537 3078 πόλεις
567 3022 634 3077 ἃς
661 3017 1022 3096 ἐλάμβανον.
1053 3019 1285 3092 κλήρους
1326 3017 1540 3095 ἑκάστῳ
1577 3014 1959 3091 διανέμοντες.
2045 3016 2270 3075 Callim-
2304 3017 2385 3075 H.
2418 3018 2546 3077 Del.

349 3112 486 3173 279.
530 3114 712 3168 πᾶσαι
739 3109 800 3168 δὲ
839 3106 1039 3187 χοροὺς
1072 3109 1356 3186 ἀνάγουσι
1384 3110 1611 3177 πολῆες,
1646 3109 1721 3167 A‘l
1755 3132 1815 3167 τε
1845 3108 1978 3185 πρὸς
2007 3115 2182 3180 ἠοίην,
2215 3109 2278 3167 αἵ
2306 3113 2353 3169 θ’
2383 3113 2548 3169 ἕσπε-

343 3198 557 3279 ρον,”αῗ
583 3204 628 3261 τ’
654 3206 768 3260 ἀνὰ
793 3207 1013 3277 μέσσην
1043 3203 1288 3276 Κλήρους
1314 3201 1648 3268 ἐστήσαντο.
1679 3199 1778 3258 ubi
1804 3200 1918 3259 vid.
1940 3199 2250 3279 Spanhem.
2283 3201 2373 3259 Id.
2400 3202 2541 3260 Lav.

345 3293 489 3352 Pall.
526 3296 657 3352 142.
702 3297 950 3351 Δαναων
978 3296 1183 3368 κλᾶρον
1209 3292 1451 3350 ἅπαντα
1480 3292 1623 3351 σάω.

427 3450 564 3508 900.
620 3420 1104 3525 Τευχηστήρ.
1193 3444 1487 3499 Armatus.
1571 3442 1706 3501 Vid.
1750 3442 1824 3502 ad
1871 3442 2056 3502 Theb.
2096 3446 2230 3501 641.
2296 3443 2396 3501 ubi
2437 3445 2546 3504 alia

344 3534 532 3593 forma
558 3534 886 3611 τευχηστῆς.

423 3690 560 3749 902.
615 3670 664 3723 '³¹³
688 3654 1192 3762 ΘΕΟΤρΕπΤΟς.
1262 3682 1317 3740 Α
1342 3683 1477 3740 Diu
1502 3702 1819 3741 conversae.
1865 3688 1961 3743 τὰς
1990 3686 2050 3743 ἐκ
2076 3686 2210 3741 θεοῦ
2234 3692 2538 3759 τραπείσας

338 3776 472 3853 πρὸς
501 3779 663 3852 ἡμᾶς.
722 3768 917 3830 Schol.
983 3766 1184 3825 Minus.
1210 3774 1361 3827 recte
1386 3769 1521 3845 πρὸς
1548 3773 1712 3847 ἡμᾶς.
1800 3769 2145 3849 Simpliciter
2169 3771 2539 3850 intelligenda

341 3867 590 3927 fortunae
617 3858 926 3924 conversio.

426 4023 564 4083 907.
636 3992 1168 4094 Ατεκμαρτος.
1253 4015 1595 4091 Oonjectura
1631 4034 1744 4073 non
1771 4014 2171 4091 assequendas.
2255 4016 2415 4072 Adeo
2443 4018 2542 4074 im-

326 4106 672 4190 probabilis,
690 4110 761 4162 ut
776 4120 931 4159 nemo
948 4120 1069 4159 eum
1085 4102 1147 4157 in
1164 4110 1514 4163 antecessum
1530 4108 1854 4175 auyuratus
1869 4108 2036 4159 esset.
2089 4098 2390 4159 Schutzius
2406 4121 2539 4163 vero

335 4200 762 4277 interpretatur,
791 4194 1170 4269 infortunium
1206 4196 1350 4252 adeo
1391 4213 1667 4268 maynum,
1703 4200 1788 4262 ut,
1821 4192 1988 4269 quale
2029 4199 2410 4269 quantumque
2435 4197 2535 4263 sit,

339 4299 615 4369 exputare
654 4307 767 4347 non
794 4285 1009 4361 possis.
1093 4284 1327 4365 Eligant
1366 4286 1623 4346 lectoren.
1671 4290 2033 4364 τεκμαίρομαι
2066 4284 2293 4362 proprie
2331 4285 2540 4344 dicitur

340 4383 411 4441 de
439 4382 606 4441 rebus
632 4376 863 4439 fixturis.

421 4480 556 4582 909.
612 4498 714 4574 Τι’
748 4480 965 4577 πάθω
996 4528 1017 4592 3
1084 4474 1243 4585 Quid
1266 4474 1405 4577 milti
1422 4518 1585 4596 flet?
1645 4517 1805 4583 Quid
1828 4514 2540 4661 aqam?MIn2hujusmodi
