3282 5193
643 418 793 488 124
1492 429 1995 485 GLossAmuM

644 620 847 675 πᾶσαι.
893 615 979 673 De
1008 619 1279 692 κελευστῇ
1298 618 1489 670 autem
1516 631 1700 689 pauca
1726 609 1990 689 quaedam
2019 609 2334 688 subjiciam.
2396 608 2586 668 Gloss.
2608 609 2833 668 Philox.

644 709 1027 767 Portisculue.
1070 708 1409 772 Κελευστὴς.
1495 703 1694 780 Eurip.
1726 702 1862 761 Hel.
1899 705 2070 761 1591.
2115 721 2150 759 a
2178 701 2445 759 Piersono
2471 700 2840 779 probabiliter

645 808 945 867 correctuS,
974 800 1136 876 ῥόθιά
1166 802 1211 855 τ’
1239 799 1616 873 ἐξεπίμπλατο
1660 800 1817 865 Βοῆς,
1851 797 2155 853 κελευστοῦ
2192 794 2473 870 φθέγμαθ’
2500 791 2573 851 ω”ς
2605 794 2838 863 ἠκοῦσα-

643 915 772 970 μεν.
830 890 969 949 ibid.
996 892 1168 948 1611.
1215 887 1525 960 ναυβάταις
1558 887 1622 943 δὲ
1647 893 1787 944 τοῖσι
1817 893 1932 944 σοῖς
1964 891 2083 961 Βοᾷ
2111 890 2407 955 κελευστὴς
2433 888 2536 954 τὴν
2565 885 2836 942 ἐναντίαν

645 983 777 1043 ὄπα.
863 967 1089 1039 Arriani
1116 980 1187 1037 de
1208 979 1360 1056 Exp.
1395 977 1559 1035 Alex.
1589 998 1650 1056 p.
1681 979 1820 1036 383.
1863 982 1973 1036 τῶν
2014 982 2327 1036 κελευστῶν
2369 976 2700 1036 ἐνδιδόντων
2741 976 2836 1034 τοῖς

644 1074 827 1153 ἀρχάς
866 1097 928 1130 τε
968 1076 1057 1130 καὶ
1100 1073 1437 1136 ἀναπαύλας
1479 1073 1547 1150 τῇ
1587 1072 1822 1144 εἰρεσίᾳ.
1907 1069 2140 1144 Longus
2178 1069 2400 1127 Pastor.
2431 1072 2487 1125 3.
2532 1087 2566 1124 a
2593 1068 2838 1144 Jung'er-

646 1184 854 1224 manno
894 1164 1101 1222 citatus
1140 1163 1214 1220 ad
1256 1162 1474 1220 Polluc.
1505 1162 1557 1219 I.
1590 1154 1686 1221 96.
1737 1161 1816 1218 εἷς
1859 1161 1967 1238 μὲν
2008 1165 2196 1218 αὐτοῖς
2238 1164 2535 1230 κελευστὴς
2580 1159 2840 1218 ναυτικιὶς·

642 1253 779 1338 ᾖδεν
817 1255 975 1335 ᾠδάς·
1033 1257 1085 1313 οἶ
1125 1254 1186 1312 δὲ
1229 1260 1434 1323 λοιποί,
1480 1252 1730 1328 καθάπερ
1766 1253 1948 1337 χόρος,
1979 1251 2290 1330 ὁμοφώνως,
2322 1251 2464 1308 κατεῖ
2513 1250 2700 1327 καιρὸν
2741 1255 2838 1320 τῆς

644 1354 861 1408 ἐκείνου
902 1353 1086 1425 φωνῆς
1128 1347 1333 1421 ἐβόων.
1417 1345 1629 1424 Ecquis
1665 1365 1780 1402 non
1814 1345 1876 1403 in
1903 1353 2154 1404 mentem
2179 1353 2404 1404 revocat
2431 1345 2680 1404 carmina
2706 1365 2838 1423 quae

644 1439 717 1498 ad
745 1458 1029 1497 remorum
1066 1437 1315 1496 sonitum
1343 1443 1535 1494 nautae
1576 1435 1752 1494 Siculi
1787 1455 1853 1494 ac
1879 1434 2086 1494 Veneti
2117 1443 2344 1494 cantare
2381 1433 2607 1493 solent?
2691 1434 2837 1492 Rem

643 1531 899 1609 apprime
919 1529 1172 1586 illustrat
1195 1528 1365 1586 Silius
1382 1527 1515 1586 Ital.
1539 1526 1648 1584 VI.
1669 1529 1808 1585 360.
1838 1529 2038 1584 medice
2056 1534 2181 1584 etat
2201 1529 2455 1599 maryine
2463 1528 2699 1602 puppis,
2723 1526 2840 1592 Qui

644 1642 772 1678 voce
799 1621 1055 1678 alternoe
1073 1627 1383 1677 nautarum
1412 1625 1689 1693 temperet
1714 1620 1881 1688 ictus,
1905 1617 1990 1674 Et
2007 1619 2175 1674 remis
2194 1619 2378 1674 dictet
2395 1620 2658 1684 sonitum,
2672 1617 2839 1691 pari-

647 1720 843 1787 terque
852 1712 1057 1768 relatie
1071 1712 1421 1768 Adtonitum
1428 1710 1684 1784 plaudat
1694 1709 2026 1765 resonantia
2044 1709 2258 1765 ccerula
2277 1710 2476 1766 toneie.
2507 1707 2606 1766 ubi
2622 1707 2738 1764 vid.
2760 1706 2836 1765 D.

647 1801 970 1860 Heinsium.
1042 1800 1211 1858 Ovid.
1237 1800 1476 1857 Metam.
1497 1798 1621 1857 III.
1640 1819 1700 1856 x.
1744 1801 1842 1874 qui
1860 1800 2212 1874 requiemque
2231 1802 2556 1875 modumque
2580 1799 2725 1856 Voce
2739 1802 2842 1856 da-

647 1894 750 1950 bat
770 1895 937 1950 remis
958 1894 1269 1950 animorum
1293 1909 1666 1948 nom-Aron.
1725 1889 1928 1966 virgil.
1949 1890 2083 1946 AEn.
2105 1890 2228 1948 111.
2255 1893 2387 1949 128.
2432 1891 2724 1948 Nauticus
2750 1911 2842 1947 ea·-

644 1987 835 2042 oritur
849 1985 1009 2041 vario
1030 1983 1339 2041 certamine
1359 1983 1569 2039 clamor
1587 2006 1604 2051 3
1653 1999 2058 2039 HORTANTUR
2076 1983 2232 2049 socii,
2257 1983 2486 2040 Cretam
2490 2002 2845 2058 proavosque

634 2083 925 2151 petamue.
967 2072 1210 2132 ubi'vid.
1242 2073 1399 2132 Serv.
1423 2073 1645 2131 Ennius
1671 2093 1766 2150 ap.
1799 2072 2067 2149 Scaliger.
2097 2073 2168 2130 ad
2189 2072 2431 2131 Varron.
2452 2094 2511 2150 p.
2533 2075 2670 2132 818.
2720 2082 2843 2130 ton-

643 2186 765 2223 sam
783 2173 919 2224 ante
931 2159 1499 2232 tenenteeParebeniss
1511 2166 1894 2233 observarent,
1895 2165 2243 2239 portisculu’
2255 2167 2476 2238 eiynum
2497 2165 2634 2222 Cum
2645 2166 2839 2223 daret.

646 2256 813 2315 Conf.
846 2257 1006 2315 Suid.
1037 2277 1091 2314 v.
1124 2260 1460 2326 Κελευστὴς,
1490 2264 1547 2315 et
1574 2255 1844 2314 Eustath.
1872 2255 1934 2313 in
1961 2255 2128 2313 Iliad.
2161 2263 2232 2313 A.
2261 2275 2324 2333 p.
2355 2259 2490 2324 831,
2521 2259 2620 2318 27.

600 2447 607 2451 -
720 2410 860 2471 407.
918 2383 967 2434 ²*
990 2386 1506 2491 Ἐπεκχωρέω.
1592 2407 1868 2464 Procedo.
1955 2404 2086 2463 Hoc
2128 2405 2506 2483 compositum
2547 2405 2683 2464 alibi
2722 2425 2841 2464 non

642 2494 873 2553 offendi.
958 2494 1166 2553 Nescio
1194 2515 1267 2553 an
1294 2493 1501 2552 rectius
1527 2493 1812 2570 legeretur
1831 2491 2202 2570 ὑπεξεχώρει.

723 2648 862 2705 408.
922 2632 1196 2709 Παῖδες
1233 2626 1655 2728 Ἑλλήνων.
1715 2648 1756 2705 i.
1787 2667 1838 2706 e.
1882 2619 2287 2726 ἢνΕλληνες.
2395 2647 2841 2707 circumlocutio

646 2732 970 2812 Homerica.
1053 2734 1323 2812 Apollon.
1355 2734 1497 2793 Lex.
1530 2735 1768 2793 Homer.
1819 2735 1944 2793 ’Υἷες
1987 2736 2260 2813 Ἀχαιῶν.
2317 2739 2744 2813 περιφραστικῶς
2788 2737 2842 2795 οἱ

638 2827 889 2903 Ἀχαιοί.
934 2828 1022 2884 καὶ
1050 2830 1115 2885 ἐν
1143 2831 1216 2904 τῷ
1243 2828 1361 2884 ἔθει
1394 2823 1480 2901 (in
1508 2828 1781 2883 communi
1813 2825 2088 2903 sermone)
2120 2831 2440 2906 φιλοσόφων
2467 2826 2680 2896 παῖδες,
2711 2831 2840 2887 ἀντὶ

644 2920 759 2985 τοῦ,
779 2920 1091 2995 φιλόσοφοι.
1164 2916 1446 2976 Herodot.
1468 2916 1519 2974 Ῑ.
1545 2918 1641 2979 27.
1687 2916 1885 2976 Λυδῶν
1905 2917 2131 2975 παῖδας.
2171 2917 2245 2976 V.
2264 2922 2363 2978 49.
2393 2918 2836 2982 παῖδαςἸιιῖνων.

645 3004 841 3083 Eurip.
863 3006 1065 3085 Suppl.
1093 3012 1264 3066 1213.
1292 3008 1568 3084 Ἀργείων
1588 3014 1773 3066 παισί.
1858 3008 2022 3066 Plato
2039 3009 2186 3087 Rep.
2209 3008 2329 3067 III.
2349 3030 2410 3087 p.
2430 3013 2570 3068 441.
2598 3011 2838 3081 Ἀσκλη-

641 3102 770 3155 πίου
794 3098 1009 3156 παῖδες.
1040 3098 1079 3155 ἱ.
1112 3118 1163 3155 e.
1192 3101 1412 3163 medici,
1442 3118 1687 3176 quorum
1715 3098 1902 3156 notior
1927 3090 2273 3176 periphrasis
2300 3109 2386 3159 est
2411 3102 2843 3173 Ἀσκληπιαδῶν

642 3188 857 3257 παῖδες,
870 3188 1081 3247 AElian.
1103 3207 1197 3266 ap.
1218 3188 1442 3247 Suid.v.
1459 3190 1896 3260 Ἀσκληπιάδης.
1939 3190 2155 3248 Athen.
2177 3191 2368 3269 III.p.
2390 3197 2522 3251 115.
2543 3193 2612 3251 C.
2644 3196 2839 3255 παῖδες

644 3282 847 3355 ἰατρῶν
871 3278 1165 3337 Plutarch.
1184 3298 1243 3356 p.
1260 3282 1397 3338 501.
1419 3279 1492 3338 A.
1535 3280 1832 3349 Ἑλλήνων
1861 3279 2054 3339 παῖδες
2078 3280 2294 3340 Julian.
2315 3282 2603 3361 Misopog.
2623 3305 2684 3363 p.
2701 3289 2836 3344 132.

640 3370 731 3428 ed.
752 3374 922 3429 1583.
969 3375 1296 3446 Αἰγυπτίων
1316 3371 1509 3431 παῖδες
1531 3372 1714 3449 Epist.
1739 3372 1789 3430 I.
1810 3392 1868 3450 p.
1899 3373 2026 3434 147.
2067 3376 2388 3450 φιλοσόφων
2405 3375 2596 3433 παῖδες
2614 3396 2674 3452 p.
2697 3379 2834 3439 227.

643 3467 1043 3540 γραμματικῶν
1084 3470 1284 3522 παισίν
1317 3463 1584 3521 Eustath.
1616 3462 1692 3521 ad
1719 3463 1885 3522 Iliad.
1917 3469 1988 3521 θ.
2018 3482 2079 3539 p.
2113 3464 2246 3532 707,
2279 3466 2376 3521 26.
2465 3471 2840 3527 Πλατωνικῶν

638 3553 835 3612 παῖδες
862 3554 1072 3613 Joann.
1104 3554 1343 3613 Diacon.
1372 3554 1434 3611 in
1462 3554 1704 3613 Hesiod.
1733 3575 1795 3631 p.
1827 3557 1963 3617 275.
2020 3556 2235 3612 ἀλιέων
2262 3556 2458 3615 παῖδες
2486 3556 2678 3617 Schol.
2708 3558 2839 3617 Ari-

639 3644 833 3721 stoph.
866 3644 1020 3701 Plut.
1052 3648 1189 3705 910.
1273 3644 1585 3703 Eutecnlus
1611 3645 1674 3702 in
1700 3644 1946 3703 Nicand.
1976 3645 2143 3704 AleX.
2182 3648 2312 3707 167.
2354 3649 2601 3724 ῥητόρων
2643 3652 2841 3710 παῖδες·

640 3733 882 3810 Dionys.
907 3733 1043 3791 Hal.
1069 3734 1139 3792 de
1158 3734 1365 3810 Comp.
1389 3734 1564 3792 Verb.
1588 3756 1649 3812 p.
1670 3738 1808 3793 313.
1851 3735 1954 3793 ubi
1977 3735 2106 3793 vide
2135 3736 2421 3795 Sch'aefer.
2507 3738 2601 3798 Cf.
2623 3740 2835 3801 AElian.

640 3822 713 3881 V.
737 3824 819 3881 H.
840 3824 893 3881 I.
914 3827 1012 3884 29.
1043 3824 1165 3883 ΙΙΙ.
1194 3830 1245 3883 l.
1277 3825 1384 3882 IV.
1409 3828 1507 3883 28.
1548 3832 1604 3883 et
1626 3825 1858 3884 omnino
1878 3827 2212 3897 notandum,
2232 3827 2343 3886 hoc
2363 3847 2542 3905 genus
2568 3829 2840 3908 loquendi

640 3911 796 3991 apud
823 3914 1107 3992 sophistas
1134 3924 1192 3974 et
1220 3915 1521 3993 scriptores
1547 3917 1860 3976 neotericos
1884 3918 2132 3977 maxime
2156 3918 2219 3976 in
2245 3919 2430 3997 gratia
2454 3919 2648 3981 fuisse.

720 4059 859 4115 410.
903 4031 1159 4116 ε’,Εδοδῆ
1243 4056 1571 4125 Delubrum,
1601 4056 1693 4115 vel
1717 4065 1940 4115 statua.
1984 4059 2046 4117 τὰ
2085 4063 2344 4135 ἄγαλμα,
2377 4064 2464 4119 καὶ
2502 4064 2532 4120 ὁ
2569 4065 2731 4121 τόπος
2769 4065 2836 4121 ἐν

614 4190 618 4195 ,
641 4140 681 4222 ᾦ
708 4143 945 4220 ἵδρυται.
1005 4141 1259 4200 Timaeus
1281 4142 1420 4200 Lex.
1447 4142 1595 4200 Plat.
1616 4164 1676 4220 p.
1701 4148 1796 4203 93.
1841 4144 1941 4202 ubi
1959 4146 2075 4203 vid.
2102 4145 2416 4206 Ruhnken.
2436 4148 2619 4206 Theb.
2642 4152 2779 4210 227.

720 4287 857 4341 411.
916 4260 1156 4360 Θήκη.
1245 4284 1682 4358 Repositorium.
1712 4282 1751 4340 i.
1783 4302 1833 4341 e.
1859 4285 2210 4359 Sepulcrum.
2298 4287 2554 4364 Hesych.
2584 4294 2642 4344 et
2671 4286 2834 4346 Suid.

642 4376 837 4440 Θῆκαι,
870 4373 1041 4444 σόροι.
1112 4368 1323 4445 Agam.
1346 4373 1485 4427 454.
1530 4374 1718 4436 θῆκας
1737 4370 1969 4429 Ἰλιάδος
1999 4374 2548 4451 γᾶς-κατέχουσιν.
2618 4373 2840 4432 Auctor

641 4459 829 4518 nescio
856 4460 983 4537 quis
1010 4459 1164 4536 apud
1194 4459 1355 4517 Suid.
1382 4460 1445 4518 in
1471 4479 1623 4529 voce,
1658 4460 1748 4519 διὰ
1782 4461 1843 4521 δὲ
1883 4464 2063 4529 ξύλων
2103 4466 2350 4539 ἀπορίαν
2379 4465 2475 4523 τοῖς
2518 4469 2689 4534 θῆκας
2726 4472 2839 4523 τῶν
