3282 5193
1297 440 1389 494 IN
1425 439 1738 494 rssnsAs.
2297 449 2310 456 ·
2475 408 2621 489 117

342 591 349 600 “
427 619 631 685 θέω,
661 616 856 687 ταύτης
886 619 1077 696 χάριν.
1148 616 1239 674 cf.
1266 616 1368 676 or.
1391 619 1488 676 84.
1548 617 1756 676 Phoen.
1787 619 1926 680 879.
1985 615 2251 695 s0ph001.
2274 613 2410 672 OEd.
2436 612 2504 672 c,
2525 615 2625 672 22.

427 707 725 786 Aristoph.
756 709 917 767 Nub.
948 714 1087 769 419.
1172 709 1455 768 Herodot.
1488 711 1541 768 I.
1573 713 1672 768 42.
1756 709 2060 768 Demosth.
2091 729 2142 767 c.
2174 707 2346 785 Lept.
2383 709 2476 763 12.

507 851 644 907 345.
703 833 858 911 Εἰς.
939 851 1205 908 Circiter.
1300 851 1378 907 To
1398 851 1495 908 tlte
1513 858 1746 908 amount
1767 852 1848 926 ⁰f·
1923 847 2254 927 Frequens
2239 868 2299 905 1n
2324 846 2436 905 hoc
2456 865 2627 904 sensu

426 935 580 1011 apud
600 936 883 1048 pedestris
911 937 1184 995 sermonis
1212 937 1534 1014 scriptoreS.
1580 957 1630 994 e.
1675 957 1733 1014 g.
1775 937 2118 1013 Xenophon.
2150 935 2338 992 Anab.
2371 934 2422 992 Ι.
2451 933 2492 990 i.
2531 935 2623 991 10.

427 1030 516 1082 καὶ
556 1031 796 1086 αἰτεῖται
831 1033 932 1085 αὒτ
908 1030 1004 1086 τὸν
1046 1033 1124 1086 εἰς
1159 1029 1469 1106 δισχιλίους
1510 1031 1598 1093 ξέν
1597 1051 1715 1095 ’,ους
1746 1053 1834 1086 και
1877 1053 2039 1105 τριων
2083 1036 2279 1104 μηνῶν
2283 1025 2626 1135 ,μισθόν-ὁ

427 1115 487 1174 δὲ
545 1123 721 1194 Κῦρος
769 1119 990 1178 δίδωσιν
1054 1123 1200 1198 αὐτῷ
1263 1124 1338 1177 εἷς
1389 1126 1866 1198 τετρακισχιλίους
1909 1124 1996 1178 καὶ
2040 1123 2100 1186 ἓξ
2148 1123 2343 1199 μηνῶν
2395 1121 2563 1196 μισθό
2551 1139 2621 1172 ι’.ι

428 1206 721 1266 Nonnulla
747 1230 817 1268 ex
844 1210 1249 1268 recentioribus
1276 1210 1434 1268 dedit
1460 1211 1692 1268 Bastius
1722 1211 1908 1288 Epist.
1941 1211 2086 1270 crit.
2116 1232 2176 1288 p.
2213 1213 2306 1267 13.
2395 1206 2624 1266 Plenius

372 1302 387 1312 ‘
430 1296 740 1374 Sophocles
766 1301 825 1358 in
843 1300 1064 1359 Acrisio
1086 1301 1156 1360 fr.
1188 1306 1279 1359 ll.
1311 1306 1389 1360 εἷς
1416 1303 1656 1380 ἀριθμὸν
1686 1305 1952 1371 ἑξήκοντα
1991 1303 2092 1362 δίε.
2135 1299 2426 1360 Theocrit.
2451 1299 2502 1357 1.
2523 1299 2622 1356 26.

427 1393 836 1466 ποταμέλξεται
867 1396 945 1451 eis
974 1392 1069 1450 δύο
1097 1397 1332 1452 πέλλας.
1773 1435 1780 1440 -

508 1533 647 1589 348.
702 1510 1196 1608 ’Υπέρκοποῇ
1278 1535 1599 1593 Praestans.
1683 1535 1818 1594 vid.
1861 1536 1933 1593 ad
1977 1534 2160 1593 Theb.
2193 1536 2330 1596 387.
2373 1539 2520 1590 nott.
2565 1539 2625 1589 et

430 1615 683 1677 Glossar.
794 1618 1063 1678 Ceterum
1111 1619 1182 1677 de
1230 1621 1458 1678 navium
1499 1641 1739 1681 numero
1779 1623 2074 1700 sequentia
2111 1628 2275 1680 notat
2317 1619 2621 1678 Stanleius.

430 1713 471 1739 “
493 1707 825 1767 Graecorum
864 1709 1099 1768 classem
1133 1711 1351 1770 Ctesias
1392 1713 1754 1791 septingenta
1791 1713 2023 1770 navium
2065 1713 2239 1770 fuisse
2279 1717 2504 1778 narrat3
2562 1714 2624 1766 at

427 1797 756 1858 Herodotus
781 1800 958 1859 VIII.
1002 1805 1099 1861 82.
1144 1822 1258 1859 non
1280 1803 1389 1861 nisi
1417 1811 1794 1863 trecentarum
1823 1812 1881 1863 et
1907 1803 2229 1882 octoginta3
2275 1821 2515 1880 quarum
2550 1800 2620 1857 16

428 1896 650 1947 tantum
681 1890 1119 1960 Lacedaemonii,
1157 1895 1267 1952 180
1288 1893 1667 1952 Athenienses
1702 1896 2093 1972 praebuerunt.
2177 1893 2266 1952 De
2299 1892 2624 1951 Atticarum

424 1979 658 2038 navium
683 2001 921 2040 numero
949 1983 1211 2040 convenit
1252 1984 1594 2042 Plutarchus
1619 1986 1682 2042 in
1707 1984 2122 2043 Themistocle:
2167 1985 2305 2062 quin
2338 1984 2460 2060 ipse
2498 1981 2620 2039 He-

426 2070 663 2128 rodotus
687 2071 835 2131 libro
862 2072 1079 2140 eodem,
1110 2092 1234 2150 cap.
1264 2077 1357 2131 61.
1383 2095 1553 2132 naves
1578 2080 2023 2150 πεπληρωμένας
2041 2078 2157 2133 200
2178 2073 2624 2131 Atheniensibus

427 2161 631 2218 tribuit
655 2186 671 2229 ;
716 2161 807 2220 cui
854 2163 1088 2222 accessit
1116 2161 1400 2222 Diodorus
1430 2164 1652 2222 Siculus
1682 2165 1733 2222 Ῑ.
1771 2168 1864 2222 15.
1970 2164 2175 2222 Xerxis
2206 2164 2440 2223 classem
2468 2161 2625 2219 mille

428 2250 800 2310 ducentarum
845 2261 903 2310 et
946 2261 1164 2330 septem
1201 2254 1429 2312 navium
1456 2255 1628 2314 fuisse
1658 2255 1830 2314 refert
1856 2255 2200 2332 AEschylus3
2245 2274 2359 2332 quo
2398 2252 2623 2331 potissi·

426 2361 588 2399 mum
615 2351 777 2409 teste,
807 2351 873 2402 ut
901 2343 1209 2420 exploratae
1236 2345 1387 2414 fidei,
1406 2347 1589 2404 utitur
1619 2346 1962 2404 Plutarchus
1989 2347 2050 2404 in
2069 2346 2186 2403 vita
2200 2343 2622 2403 Themistoclis.

426 2433 911 2511 —Adstipulatur
939 2435 1289 2506 Herodotus,
1319 2445 1451 2514 post
1478 2438 1818 2514 AEschylum
1860 2436 2020 2494 testis
2047 2437 2317 2514 optimus,
2346 2436 2489 2494 VII.
2526 2437 2618 2498 79.

428 2529 537 2581 τῶν
566 2525 627 2582 δὲ
655 2532 916 2603 τριηρέων
944 2529 1175 2603 ἀριθμὸς
1208 2529 1316 2603 μὲν
1344 2531 1574 2604 ἐγένετο
1604 2531 1746 2588 ἑπτὰ
1774 2532 1860 2586 καὶ
1903 2528 2175 2600 διηκόσιαι
2204 2531 2291 2586 καὶ
2333 2534 2624 2607 χίλιαι.-

427 2614 691 2675 Eundem
732 2618 803 2676 ad
844 2638 1146 2677 numerum
1187 2620 1484 2679 collineare
1524 2621 1749 2679 videtur
1791 2620 1962 2678 Diod.
2009 2619 2184 2679 Sicul.
2230 2621 2317 2679 II.
2361 2621 2622 2699 inquiens

430 2710 559 2775 νῆες
597 2706 658 2765 δὲ
696 2710 986 2785 σὺμπασαι
1024 2709 1227 2788 μάκραὶ
1254 2718 1481 2771 πλείους
1508 2717 1616 2770 τῶν
1655 2717 1859 2790 χιλίων
1900 2715 1987 2769 καὶ
2029 2711 2338 2787 διηκοσζων.
2423 2713 2624 2771 Minus

428 2800 647 2858 curiose
672 2806 851 2876 agunt
880 2799 979 2877 qui
1006 2819 1121 2858 non
1149 2801 1255 2859 nisi
1281 2802 1435 2861 mille
1476 2810 1532 2860 et
1574 2803 1846 2861 ducentas
1872 2811 2194 2862 numerant.
2281 2804 2506 2862 Horum
2536 2813 2624 2863 est

430 2891 709 2949 Isocrates
748 2890 811 2949 in
852 2890 1270 2950 Panathenaico
1307 2900 1365 2950 et
1398 2893 1766 2971 Panegyrico,
1810 2903 1868 2951 et
1895 2894 2161 2952 AEmilius
2191 2894 2412 2953 Probus
2457 2894 2622 2972 (Cor-

428 2982 611 3039 nelius
636 2979 857 3057 Nepos)
897 2981 957 3039 in
997 2980 1421 3041 Themistocle.ss
1505 2983 1722 3041 Verum
1764 2984 1876 3042 hoc
1918 2984 2351 3061 intelligendum
2395 2992 2621 3043 tantum

402 3062 567 3131 ’κατὰ
596 3073 658 3131 τὸ
687 3061 1183 3150 ὁλοσχερέστερον.
1270 3073 1566 3141 Quantum
1592 3074 1774 3152 magis
1805 3075 2012 3153 platice
2040 3075 2258 3134 dictum
2298 3076 2370 3134 ab
2410 3075 2481 3135 iis
2522 3077 2622 3155 qui

427 3163 581 3221 mille
607 3163 833 3221 navium
863 3163 1037 3223 fuisse
1063 3164 1351 3222 asserunt!
1394 3173 1459 3222 ut
1487 3164 1716 3229 Ctesias,
1728 3174 1784 3223 et
1812 3165 2011 3225 Cicero
2035 3165 2097 3224 in
2116 3167 2373 3228 Verrem.
2458 3169 2623 3228 Cete-

426 3275 555 3313 rum
582 3254 735 3332 apud
761 3255 885 3324 hos,
912 3276 1174 3313 numerus
1194 3254 1286 3332 (ut
1311 3254 1565 3333 loquitur
1581 3256 1763 3314 Varro
1785 3258 1855 3315 de
1876 3258 1963 3315 Re
1981 3258 2149 3316 Rust.
2171 3259 2256 3316 II.
2289 3258 2370 3336 1.)
2402 3281 2512 3319 ποπ
2535 3271 2624 3320 est

426 3353 497 3403 ut
510 3348 590 3403 sit
610 3347 692 3402 ad
705 3348 1064 3414 amussim,ut
1085 3366 1195 3403 non
1217 3353 1305 3402 est
1327 3366 1449 3402 cum
1469 3348 1707 3403 dicimus
1726 3348 1879 3403 mille
1900 3367 2068 3405 naves
2087 3350 2222 3404 iisse
2239 3351 2321 3406 ad
2329 3350 2618 3424 Trojam.”

429 3436 579 3493 Haec
600 3434 917 3501 Stanleius;
963 3434 1062 3512 qui
1089 3435 1263 3493 falsus
1290 3442 1394 3491 est.
1436 3434 1744 3512 AEschylus
1766 3434 1924 3493 enim'
1938 3436 2144 3495 diserte
2165 3438 2623 3501 affirmatXerxis

428 3522 662 3581 classem
704 3544 773 3581 ex
812 3522 968 3581 mille
1011 3524 1248 3582 navibus
1306 3524 1640 3592 constitisse,
1702 3545 1943 3602 quarum
2002 3529 2115 3590 207
2173 3534 2334 3584 erant
2393 3530 2620 3592 celeres.

428 3614 646 3671 Eodem
685 3614 859 3671 modo
899 3622 1195 3691 computat
1237 3614 1575 3673 Graecorum
1615 3615 1870 3684 classem,
1915 3636 2046 3693 quae
2087 3637 2156 3675 ex
2209 3621 2327 3677 300
2382 3621 2620 3681 navibus

428 3704 673 3761 conflata
698 3714 801 3773 est,
832 3725 1073 3783 quarum
1101 3706 1307 3765 celeres
1348 3715 1509 3763 erant
1550 3706 1765 3767 decem.
1848 3707 1940 3767 Sic
1967 3709 2117 3766 enim
2145 3729 2276 3768 cum
2306 3710 2623 3772 Scholiasta

428 3793 879 3871 intelligendum.
989 3796 1173 3856 Aliter
1212 3798 1404 3855 minus
1459 3799 1784 3856 conveniret
1825 3800 2143 3877 epithetum
2185 3804 2439 3878 ἔκκριτος.
2525 3804 2618 3863 cf.

429 3883 693 3944 Mitford.
726 3887 882 3946 Hist.
915 3887 1018 3947 Gr.
1048 3888 1118 3948 Τ.
1151 3889 1238 3948 11.
1268 3910 1328 3966 p.
1369 3892 1497 3948 185.
1527 3898 1649 3948 not.
1732 3890 1962 3949 Tzetzes
2001 3893 2075 3950 ad
2115 3893 2406 3973 Lycophr.
2445 3898 2616 3959 1427.

425 3975 866 4035 Atheniensium
894 3987 953 4036 et
979 3978 1262 4037 sociorum
1291 3983 1460 4038 naves
1490 3984 1598 4043 271
1634 3980 1809 4039 fuisse
1836 3982 2031 4040 tradit.

406 4212 411 4215 Ι
506 4138 645 4195 349.
686 4110 859 4193 Ὧδ’
902 4111 1058 4220 ἔχει
1104 4113 1366 4218 λόγος.
1433 4141 1763 4217 secsertur.
1827 4142 2260 4204 vid.e10ss.in
2281 4148 2616 4211 Theb.211.

507 4304 645 4360 352.
703 4282 978 4383 Βρίθω.
1064 4306 1356 4381 Deprimo.
1440 4306 1572 4365 vid.
1606 4307 1858 4366 G1ossar.
1890 4309 1963 4367 ad
1988 4310 2173 4370 Theb.
2210 4317 2340 4373 141.

418 4512 427 4519 .
506 4469 662 4528 Ιῡεα.
725 4450 1197 4555 Ἰσόῤῥοπος.
1280 4477 1646 4551 AEquilibris.
1739 4480 1882 4555 ῥοπὴ
1936 4486 2023 4537 est
2074 4488 2314 4542 statem
2367 4505 2615 4548 examen.
