3282 5193
1117 463 1530 516 APPENDIX
1563 463 1674 514 AD
1710 462 1979 516 Nous
2497 443 2641 522 177

446 639 541 699 Sic
568 640 715 698 libri.
801 641 1053 700 Verbum
1096 641 1283 718 διψᾷν,
1322 640 1529 700 Atticis
1570 640 1706 721 διψῇ
1713 666 1757 710 ν,
1793 639 2104 698 formatum
2150 646 2234 697 est
2261 659 2295 698 a
2331 639 2484 716 δίψη,
2531 659 2646 698 non

450 750 485 788 a
512 732 687 808 δίψος.

530 922 665 978 505.
715 926 753 952 “
776 920 827 978 Ο
866 919 1051 996 (saith
1090 920 1187 977 the
1226 921 1475 977 Persian
1510 939 1824 993 messenyer
1863 921 1923 976 in
1957 917 2314 996 AEsckylus‚)
2359 919 2517 976 when
2551 919 2649 977 the

450 1010 717 1069 Graecian
736 1013 939 1086 forces
972 1011 1139 1088 ltotly
1153 1013 1419 1086 pur-med
1446 1031 1552 1068 our
1578 1012 1754 1080 Ηοεέ,
1795 1013 1918 1069 and
1946 1031 2028 1068 we
2063 1019 2213 1068 must
2244 1012 2415 1068 meede
2452 1018 2649 1070 venter

442 1121 579 1159 over
604 1103 703 1160 the
730 1107 905 1176 yreat
934 1110 1120 1160 water
1146 1104 1434 1179 Strymon,
1461 1104 1678 1178 srozen.
1713 1103 1866 1172 then,
1913 1103 2020 1160 but
2051 1103 2352 1176 beyiminy
2382 1091 2644 1170 to’tkaw,

447 1193 611 1251 when
634 1215 711 1252 an
733 1195 997 1252 hundred
1023 1202 1083 1252 to
1110 1213 1215 1252 one
1239 1215 1323 1252 we
1346 1195 1472 1251 aad
1494 1195 1580 1252 all
1604 1196 1742 1252 died
1751 1196 1864 1270 sor
1891 1196 1963 1264 it,
1993 1195 2136 1252 with
2163 1196 2308 1251 mine
2336 1194 2449 1250 cies
2474 1193 2518 1250 I
2528 1211 2648 1250 saw

448 1284 634 1360 (saith
658 1283 755 1363 Ite)
786 1287 947 1344 when
969 1283 1143 1345 Θεοὺς
1170 1285 1233 1344 δέ
1260 1311 1337 1344 τις
1360 1285 1463 1343 διο.
1486 1286 1732 1360 qfthose
1764 1285 2040 1344 Gallam-s
2063 1285 2240 1342 whom
2267 1285 2311 1340 I
2329 1283 2452 1340 had
2465 1283 2653 1340 heard
2673 1347 2684 1362 ι

445 1375 640 1452 before
676 1397 741 1435 so
776 1377 969 1453 boldly
994 1380 1318 1445 mainteine,
1354 1377 1535 1434 There
1569 1397 1690 1434 was
1721 1395 1797 1434 no
1829 1376 1964 1434 God
2003 1384 2063 1434 to
2099 1377 2248 1445 seek,
2292 1376 2400 1434 τότ’
2441 1373 2648 1452 ηὔχετο

446 1472 681 1537 λιταῖσι,
726 1469 862 1526 then
901 1488 1066 1545 every
1092 1489 1197 1526 one
1230 1471 1308 1544 of
1336 1469 1485 1525 them
1526 1487 1599 1524 om
1643 1468 1795 1526 their
1832 1469 2022 1537 lmeee,
2066 1469 2188 1526 and
2208 1469 2340 1542 fica
2377 1467 2647 1542 devoutly

435 1561 695 1635 prayiny
730 1560 829 1616 the
860 1579 964 1636 yce
1003 1560 1188 1633 miyht
1220 1559 1363 1617 hold
1403 1558 1501 1616 till
1540 1558 1678 1633 they
1715 1565 1854 1632 ,qott
1899 1558 2092 1616 over.’'
2181 1558 2292 1634 Bp.
2337 1555 2648 1616 Andrewes

374 1723 383 1736 ἱ
448 1648 733 1719 Sei-mons,
762 1670 823 1727 p.
860 1652 993 1712 176.
1022 1650 1113 1708 ed.
1154 1651 1325 1710 1629.

526 1843 663 1898 543.
708 1841 967 1900 Botheus
1005 1841 1144 1920 legit
1179 1847 1437 1910 ἀταλαῖς,
1480 1862 1613 1901 cum
1657 1843 2026 1921 Robortell03
2072 1841 2377 1900 Schutzius
2418 1861 2644 1900 versum

444 1931 717 1990 excidisse
770 1932 1109 2010 suspicatur.
1209 1933 1281 1990 In
1328 1933 1519 1991 codice
1573 1933 1968 2011 Vitebergensi
2024 1933 2286 1992 additum
2339 1939 2444 2001 est,
2503 1941 2646 1991 teste

450 2021 800 2092 Hermanno,
846 2024 1079 2098 μαγνάδ
1122 2032 1254 2099 post
1296 2026 1765 2100 κατερεικόμεναι,
1808 2023 1960 2081 unde
2000 2023 2308 2100 exsculpsit
2347 2023 2442 2080 ille
2480 2032 2647 2101 μαῖαι

450 2115 705 2186 γονάδες.
768 2121 807 2146 “
821 2123 965 2194 μαῖα
992 2114 1143 2173 enim
1164 2113 1479 2173 secundum
1510 2113 1870 2188 Hesychium
1899 2113 2098 2171 matris
2124 2114 2437 2172 honorifica
2455 2115 2650 2192 'appel-

445 2203 581 2264 latio
608 2213 715 2265 est.
800 2207 963 2265 Idem
997 2205 1167 2266 etiam
1201 2205 1444 2265 alterum
1472 2203 1832 2272 vocabulum,
1865 2224 1936 2262 ex
1972 2203 2082 2263 hoc
2107 2204 2232 2283 ipso
2259 2205 2498 2263 fortasse
2524 2205 2648 2263 loco

446 2304 761 2374 sumptum,
805 2306 1033 2356 tuetur:
1080 2297 1336 2372 γονοίδες,
1367 2294 1663 2373 μητέρες.”
1749 2295 1862 2353 Sed
1897 2293 2059 2352 testis
2096 2315 2210 2352 non
2244 2297 2380 2354 satis
2412 2296 2649 2354 idoneus

442 2396 533 2445 est
562 2388 925 2466 Hesychius;
968 2389 1066 2467 qui
1093 2397 1285 2448 tamen
1310 2388 1457 2448 nihil
1485 2387 1672 2455 docet,
1707 2385 1820 2444 nisi
1852 2385 2007 2463 quod
2044 2393 2258 2444 veteres
2286 2387 2469 2445 dicere
2498 2387 2649 2446 soliti

445 2477 562 2536 sint
602 2487 766 2554 μαῖα,
807 2479 869 2536 in
895 2479 1170 2549 vocativ0‚
1213 2501 1318 2558 pro
1356 2477 1400 2538 ὦ
1447 2481 1629 2556 τρόφε,
1673 2476 1781 2545 vel,
1826 2483 1894 2533 ut
1939 2496 2042 2534 nos
2091 2476 2266 2554 Angli
2314 2477 2643 2546 diceremus,

452 2569 667 2647 Goody,
700 2570 854 2649 quod
880 2591 1049 2649 quam
1080 2590 1281 2649 parum
1310 2571 1445 2630 huic
1465 2569 1591 2629 loco
1614 2567 1913 2627 conveniat
1933 2567 2078 2626 nihil
2102 2587 2246 2646 opus
2274 2576 2360 2627 est
2387 2569 2648 2648 pluribus

445 2662 759 2720 ostendere.
844 2662 1151 2740 AEschylus
1190 2663 1386 2739 dicere,
1400 2662 1493 2722 vix
1522 2661 1804 2739 potuisset
1843 2664 2092 2718 ἁπαλαῖς
2125 2668 2289 2739 χερσί
2321 2661 2390 2719 de
2418 2662 2643 2720 vetuIiS.

446 2752 605 2823 Quin
631 2761 856 2812 tantum
882 2754 1042 2812 abest
1068 2761 1135 2811 ut
1161 2762 1376 2812 matres
1401 2753 1562 2811 innui
1590 2762 1810 2830 putem,
1849 2761 1916 2809 ut
1942 2752 2132 2810 locum
2161 2753 2352 2830 potius
2381 2753 2450 2811 de
2477 2756 2649 2827 viv-,qi-

446 2845 613 2902 m‘bus
637 2844 971 2922 intelligam.
1055 2844 1228 2912 Quod
1253 2863 1385 2902 vero
1414 2844 1575 2902 aiunt
1613 2843 1872 2901 Botheus
1907 2851 1963 2901 et
1993 2834 2382 2913 Hermannus,¹
2407 2850 2646 2904 ἀταλαῖς

444 2936 507 2993 in
546 2936 879 3014 grandaevas
920 2934 1185 2993 mulieres
1218 2934 1513 3012 quadrare,
1555 2934 1615 2992 id
1657 2934 1846 2992 minus
1883 2934 2231 2993 considerate
2273 2936 2489 2995 dictum
2523 2944 2645 3006 est;

444 3046 578 3085 nam
605 3026 716 3085 hoc
742 3026 1039 3105 epitheton
1063 3034 1150 3084 est
1177 3026 1383 3085 teneris
1411 3025 1613 3104 puellis
1639 3024 1957 3103 proprium.
2018 3026 2230 3105 Odyss.
2261 3030 2358 3086 38.
2421 3032 2649 3104 Νύμφαι

446 3122 511 3187 τ’,
542 3120 722 3187 ἠΐθεοί
751 3142 831 3187 τε,
876 3118 1215 3187 πολύτλητοί
1243 3142 1304 3175 τε
1334 3124 1595 3194 γέροντες
1630 3122 1972 3194 Παρθενικαί
2001 3118 2045 3176 τ’
2073 3124 2305 3188 ἅταλαί,
2339 3127 2648 3181 νεοπενθέα

448 3214 626 3290 θυμὸν
670 3216 926 3291 ἔχουσαι.
1010 3211 1237 3270 Chorus
1264 3221 1457 3271 autem
1484 3220 1599 3271 tres
1630 3211 1949 3289 lugentium
1987 3213 2191 3272 classes
2218 3228 2643 3285 commemorat,

443 3312 559 3361 tres
587 3302 797 3361 doloris
822 3303 1051 3380 gradus.
1135 3302 1399 3379 Virgines
1434 3302 1560 3360 vela
1596 3302 1972 3379 proscindunt
2009 3311 2065 3360 et
2098 3302 2377 3380 lacrymas
2404 3306 2643 3383 profun-

447 3392 629 3463 dunt3
688 3393 926 3471 Sponsae
972 3397 1242 3454 πενθοῦσι
1290 3393 1445 3463 γόοις
1494 3393 1985 3468 ἀκορεστοτάτοιςς
2044 3392 2285 3470 denique
2329 3394 2441 3471 ipsi
2487 3415 2647 3456 senes

445 3482 630 3542 fatum
659 3484 1057 3544 defunctorum
1093 3485 1268 3563 probe
1306 3504 1371 3543 ac
1409 3483 1674 3541 decenter
1717 3482 2032 3560 deplorant.
2118 3483 2311 3551 Quare·
2342 3485 2647 3563 legendum

447 3575 536 3633 vel
563 3579 801 3634 ἀταλαῖς
831 3576 921 3635 vel
948 3582 1183 3636 ἅταλαί.

530 3770 662 3826 545.
708 3767 865 3827 Olim
912 3768 1196 3827 edideram
1247 3768 1337 3825 διὰ
1392 3765 1746 3843 μυδαλέας-
1801 3766 1914 3825 Sed
1967 3768 2135 3826 tmesi
2183 3768 2277 3827 hic
2324 3770 2516 3829 nullus
2563 3780 2648 3830 est

446 3858 625 3917 locus.
710 3859 839 3918 Dici
888 3860 1118 3938 quidem
1164 3859 1444 3937 potuisset
1492 3858 1721 3936 δάκρυσι
1777 3858 1869 3918 διαὶ
1918 3864 2154 3920 κόλπους
2210 3867 2493 3937 τέγγουσ’,
2544 3884 2648 3941 pro

445 3950 830 4025 διατέγγουσ’,
880 3972 997 4009 non
1038 3959 1227 4010 autem
1272 3952 1364 4010 διιί
1413 3950 1641 4026 δάκρυσι
1691 3956 1924 4012 κόλπους
1980 3958 2263 4028 τέγγουσ’,
2312 3962 2378 4011 ut
2425 3954 2646 4032 opinor.

448 4042 717 4120 Sophocl.
750 4043 902 4102 Phil.
934 4047 1105 4105 1157.
1156 4044 1269 4101 ἀπὸ
1300 4042 1412 4120 γαρ
1436 4042 1569 4117 βίον
1600 4048 1798 4102 abrica
1827 4048 2032 4121 λείψω.
2088 4046 2257 4107 1176.
2301 4048 2414 4105 ἀπὸ
2448 4051 2553 4104 νῦν
2577 4072 2648 4122 με

448 4136 659 4194 λείπετ’
687 4135 811 4207 ἤδη.

528 4326 665 4383 666.
703 4326 971 4403 Expendi
989 4332 1240 4383 meretur
1258 4344 1398 4382 num
1414 4332 1577 4382 vetus
1599 4325 1884 4402 scriptura
1902 4326 2074 4384 fuerit
2097 4326 2341 4402 εὔβαρις.
2389 4329 2645 4405 Hesych.

451 4416 699 4492 Βηρίδες.
740 4416 1090 4493 ὕποδὴματα,
1130 4418 1169 4473 ἃ
1212 4420 1366 4492 ἡμεῖς
1405 4414 1663 4493 ἐμβάδας
1700 4422 1974 4495 λέγομεν.
2062 4418 2229 4477 Unde
2266 4419 2645 4496 compositum

448 4506 760 4585 περιβαρίς.
844 4506 1145 4583 Aristoph.
1180 4506 1315 4584 Lys.
1347 4510 1447 4569 47.
1492 4510 1580 4566 Ta*
1609 4510 1945 4585 κροκωτίδια,
1978 4514 2067 4567 καὶ
2094 4510 2162 4567 ταὶ
2189 4514 2356 4587 μῦρα,
2385 4514 2472 4569 καὶ
2501 4536 2652 4589 περι-

2271 4602 2329 4659 N
