3282 5193
1294 438 1387 494 IN
1422 439 1735 495 masas,
2468 423 2563 503 17
2569 429 2616 500 3

503 650 676 707 1051.
732 624 1233 732 Ἐπορθιάζω.
1306 650 1617 710 clamorem
1645 652 1768 709 edo.
1801 651 1990 728 ὄρθιον
2018 655 2193 729 νόμον
2219 653 2358 732 ᾅδω.
2400 653 2617 732 Agam.

422 735 519 793 29.
558 737 925 810 Ὀλολυγμόν
952 739 1304 815 εὖφημοῦντα
1335 737 1464 818 τῇδε
1495 739 1754 817 λαμπάδι
1779 739 2192 817 Ἐπορθιάζειν.
2273 740 2407 800 Vid.
2437 760 2612 819 supra

422 825 498 883 ad
522 847 613 885 vv.
647 831 784 888 395.
819 829 958 888 693.
1062 865 1069 868 -

506 994 677 1051 1055.
735 971 846 1052 Τὸ
890 970 1229 1054 Mv'fftov.
1283 997 1589 1056 Cantilena
1609 998 1833 1075 Mysia.
1863 1001 1914 1058 οἶ
1942 1003 2055 1076 γὰρ
2076 1001 2264 1058 Μυσοὶ
2294 999 2618 1074 eampis->ees

419 1079 668 1153 μάλιστά
696 1084 807 1139 εἶσι
832 1086 1167 1157 θρηνητικοί.
1249 1083 1440 1142 Schol.
1471 1084 1741 1142 Eustath.
1771 1084 1832 1142 in
1854 1085 2096 1163 Dionys.
2122 1087 2258 1148 791.
2304 1090 2616 1162 θρηνητικοὶ

422 1167 483 1226 δὲ
526 1174 612 1228 καὶ
652 1173 704 1230 οἱ
746 1177 949 1249 Κᾶρες,
986 1175 1082 1251 ἀφ’
1122 1171 1200 1234 ὦν
1242 1180 1329 1234 καὶ
1373 1181 1588 1252 Kapan&
1630 1175 1882 1252 θρηνώδη
1926 1181 2247 1254 αὐλήματα.
2290 1181 2523 1237 τοιοῦτοι
2558 1178 2620 1237 δὲ

422 1263 513 1318 καὶ
552 1263 603 1319 οἱ
643 1265 877 1340 Φρύγες,
922 1269 1006 1325 ἔτι
1046 1266 1108 1325 δὲ
1147 1269 1235 1325 καὶ
1274 1269 1328 1327 οἱ
1368 1273 1577 1326 Μυσοί.
1620 1267 1708 1326 διὸ
1751 1271 1841 1326 καὶ
1884 1270 2169 1348 Αἰσχύλος
2201 1276 2354 1349 φησί,
2396 1269 2510 1344 βόα
2556 1271 2618 1330 τὸ

424 1353 668 1413 Μύσιον.
712 1357 891 1430 ἤγουν
920 1361 1131 1430 θρήνει.

510 1509 681 1568 1056.
724 1483 1015 1575 ”Ανιος.
1103 1512 1235 1571 vid.
1268 1531 1441 1590 supra
1467 1514 1603 1571 261.

509 1665 681 1746 1055.
739 1659 1202 1769 *Λευκήρηςκ
1286 1689 1490 1746 Albus.
1574 1686 1724 1746 Haec
1753 1709 1868 1750 vox
1903 1697 2102 1750 contra
2137 1691 2454 1770 analogiam
2490 1712 2620 1771 pec-

424 1777 552 1840 cat3
596 1771 818 1830 nullum
859 1774 1014 1832 aliud
1060 1774 1401 1854 adjectivum
1442 1775 1504 1832 in
1551 1799 1684 1851 ηρηε
1731 1796 1863 1835 cum
1907 1778 2186 1857 adjectivo
2235 1779 2615 1858 componitur.

424 1858 557 1920 vid.
578 1881 749 1941 supra
764 1864 835 1922 ad
851 1886 907 1924 v.
926 1869 1065 1925 414.
1137 1865 1349 1925 Melius
1376 1873 1524 1926 esset
1553 1873 1860 1939 λευκανθῆ.
1931 1869 2198 1948 Sophocl.
2233 1870 2368 1930 OEd.
2388 1872 2459 1930 T.
2482 1875 2618 1937 742.

425 1955 688 2032 χνοάζων
716 1959 840 2034 ἄρτι
866 1960 1168 2017 λευκανθὲς
1195 1960 1355 2034 κάρα.

510 2123 683 2183 1058.
732 2093 1227 2204 ἲ’μ”.ΑἸΓριγδιι-
1276 2109 1604 2181 Τεπαοίἰεν.
1668 2121 1956 2180 Neutrum
1983 2123 2203 2200 plurale
2231 2124 2302 2182 ab
2331 2125 2620 2201 ἄπριγδος,

425 2213 561 2272 voce
600 2231 882 2293 nusquam
922 2210 1057 2270 alibi
1096 2209 1445 2289 reperienda.
1528 2207 1628 2266 An
1665 2208 1971 2286 legendum
2020 2209 2300 2285 ἄπρικταῒ
2356 2210 2618 2288 Choeph.

424 2307 563 2363 423.
648 2310 884 2384 ἄπρικτα
926 2304 1168 2377 πληκτᾶ.
1253 2300 1370 2370 Qui
1409 2298 1625 2378 aliquid
1665 2299 1828 2357 firme
1867 2300 2172 2378 prehendit
2211 2301 2422 2361 dicitur
2461 2308 2627 2381 ἀπρὶξ

428 2397 667 2475 ἔχεσθαι
694 2400 863 2458 τινός.
948 2395 1205 2474 Hesych.
1286 2394 1503 2469 Ἀπρίξ.
1546 2396 2022 2471 προσπέφυκότωε,
2067 2396 2326 2471 ἰσχυρῶς,
2365 2394 2622 2470 σφοδρῶς,

428 2487 459 2546 ὃ
500 2492 609 2566 οὔχ
648 2490 769 2548 οἷόν
809 2514 871 2548 τε
911 2495 1123 2565 πρίσαι,
1168 2487 1259 2546 διὰ
1300 2490 1404 2556 τὴν
1446 2485 1750 2562 σιίμφυσιν,
1793 2503 1864 2542 ex
1897 2484 2090 2542 Schol.
2123 2484 2420 2563 Sophoclis
2455 2487 2620 2564 Ajac.

427 2582 567 2640 310.
612 2585 811 2661 Κόμην
838 2583 1005 2659 ἀπρὶξ
1041 2582 1192 2649 ὄνυξι
1229 2576 1543 2652 συλλαβὼν
1579 2580 1729 2655 χερί.
1813 2575 1976 2635 Idem
2002 2575 2065 2635 in
2092 2575 2306 2637 Creusa
2332 2596 2425 2656 ap.
2458 2577 2621 2637 Stob.

428 2670 592 2730 CXI.
622 2694 682 2751 p.
714 2676 853 2736 378.
896 2678 995 2733 τοῦ
1035 2698 1106 2748 γε
1148 2672 1458 2748 κερδαίνειν
1498 2670 1646 2746 ὅμως
1685 2669 1880 2745 Ἀπρὶξ
1921 2671 2175 2747 ἔχονται.
2260 2669 2524 2748 Sophron
2563 2670 2625 2728 in

426 2763 718 2841 Apollonii
745 2766 923 2844 Dysc.
952 2766 1094 2824 Exc.
1124 2784 1185 2842 p.
1220 2766 1315 2827 71.
1372 2764 1562 2840 ὑμέων
1603 2764 1714 2836 γὰρ
1755 2762 1923 2835 ἀπρὶξ
1963 2764 2215 2840 ἔχονται,
2257 2761 2412 2818 unde
2438 2761 2625 2819 Theo-

428 2855 605 2914 critus
633 2857 924 2925 desumsit,
954 2858 1118 2932 ἀπρὶξ
1146 2859 1301 2933 ἔχευ,
1332 2856 1543 2920 Εὒνόιι,
1573 2854 1754 2929 ἀμῶν,
1779 2851 1911 2909 XV.
1934 2854 2030 2910 68.
2091 2852 2355 2930 Alciphr.
2381 2851 2502 2910 III.
2523 2854 2623 2909 54.

427 2948 548 3021 ἐγὼ
592 2947 654 3005 δὲ
696 2950 863 3025 ἀπρὶξ
903 2950 1147 3025 εἰχόμην
1190 2950 1304 3005 τῶν
1352 2944 1659 3021 κερμάτων.
1745 2940 1912 3000 Plato
1938 2942 2162 3000 Theoet.
2192 2962 2251 3019 p.
2290 2944 2421 3000 120.
2452 2942 2528 3002 A.
2572 2942 2625 3000 οἱ

430 3037 592 3096 οὐδὲν
634 3042 784 3098 ἄλλο
825 3042 1074 3117 οἶόμενοι
1112 3038 1277 3106 εἶναι,
1318 3038 1352 3106 ἢ
1393 3033 1459 3093 οὗ
1496 3037 1571 3094 ἂν
1605 3032 1876 3092 &humma
1919 3036 2086 3111 ἀπρὶξ
2125 3041 2252 3093 ταῖν
2287 3040 2484 3113 χεροῖν
2523 3038 2628 3092 λα·

426 3127 661 3201 βὲσθαι.
742 3128 877 3190 Vid.
908 3128 1221 3188 Ruhnken.
1252 3128 1328 3186 ad
1352 3128 1662 3204 Timaeum,
1688 3147 1749 3203 p.
1778 3129 1880 3191 47.

518 3298 689 3356 1059.
754 3272 1059 3360 Ἀὕτέω.
1152 3295 1366 3353 Clamo,
1451 3294 1706 3353 Glossar.
1737 3294 1798 3352 in
1823 3294 2010 3351 Theb.
2041 3294 2179 3350 380.

520 3470 692 3528 1061.
758 3446 1092 3550 Ἐρεῖκω.
1204 3467 1436 3526 Scindo.
1546 3467 1789 3525 Homer.
1821 3464 1988 3523 Iliad.
2020 3469 2090 3521 N.
2122 3465 2260 3519 441.
2319 3460 2390 3518 de
2423 3442 2623 3529 lorica,

435 3560 521 3625 Ar)
549 3559 674 3615 τότε
701 3552 841 3615 αὖον
869 3560 1047 3615 ἄϋσεν
1073 3557 1417 3632 ἐρεικόμενος
1441 3556 1568 3631 περὶ
1598 3554 1768 3629 δουρί.
1851 3550 1986 3609 Vid.
2017 3568 2191 3627 supra
2219 3550 2355 3605 544.

512 3720 670 3778 Ibid.
718 3700 1093 3782 Κολπῖας.
1179 3720 1476 3779 sinuatus.
1558 3716 1734 3775 Venti
1773 3733 1981 3774 nomen
2020 3712 2177 3791 apud
2212 3710 2628 3771 Callimachum

432 3805 505 3864 fr.
536 3806 786 3865 XXXV.
872 3807 984 3866 Sed
1024 3806 1154 3865 vide
1195 3826 1271 3865 an
1318 3805 1392 3865 sit
1436 3804 1763 3883 legendum,
1809 3807 2045 3862 Πέπλον
2088 3800 2132 3859 δ’
2175 3803 2352 3878 ἔρεικε
2395 3802 2629 3857 κάλπιον

431 3906 617 3976 χερῶν
645 3904 812 3980 ἀκμῇ.

518 4065 692 4121 1063.
748 4039 1068 4121 Ψάλλω.
1154 4064 1374 4122 Ρεαὶἱο.
1455 4061 1620 4121 Vello
1655 4078 1894 4127 comam,
1933 4063 2001 4115 ut
2027 4053 2342 4115 citharistae
2381 4053 2633 4113 barbito-

438 4168 567 4208 rum
596 4149 858 4209 chordas.

522 4304 695 4363 1065.
758 4281 1064 4369 Διαῖνω.
1149 4300 1283 4359 Vid.
1315 4319 1489 4379 supra
1520 4302 1694 4359 1039.
1756 4324 1765 4331 ⁴

523 4478 695 4536 1069.
756 4450 1103 4534 Αἶακτός.
1188 4474 1656 4533 Lamentationes
1682 4472 1869 4529 edem.
1952 4468 2088 4527 Vid.
2118 4485 2291 4545 supra
2318 4470 2453 4527 919.
