3282 5193
535 407 640 480 68

986 612 1321 707 Λῆμνον,
1363 607 1664 711 Ἰκάρου
1724 608 1788 688 θ’
1833 603 2021 706 ἕδος,

1383 355 1389 363 ’
1425 406 1960 482 ΑΙΣΧΥΛΟΥ

2678 625 2836 691 890

648 737 770 814 καὶ
797 731 1091 824 Ῥόδον,
1131 733 1264 833 ἠδὲ
1307 737 1618 828 Κνίδον,
1666 736 2013 838 Κυπρίας
2057 771 2136 815 τε
2173 733 2461 832 πόλεις,
2505 735 2813 841 Πάφον,

871 858 1004 960 ἠδὲ
1062 856 1384 955 Σόλους,
1445 858 1845 959 Σαλαμῖνά
1899 897 2006 960 τε,
2065 871 2195 946 τᾶς
2255 870 2386 943 νῦν

1090 984 1556 1088 ματρόπολις
1613 988 1829 1067 τῶνδ’

980 1113 1181 1191 αἰτία
1241 1121 1710 1215 στεναγμῶν.

876 1239 995 1316 καὶ
1051 1236 1182 1321 τὰς
1242 1237 1674 1323 εὐκτεάνους
1732 1238 1921 1320 κατὰ
1980 1245 2269 1342 κλῆρον

977 1359 1249 1443 Ἰόνιον
1305 1362 1830 1467 πολυάνδρους

2474 1239 2779 1349 ἐπῳδός.

2675 1382 2775 1446 89
2786 1381 2832 1445 6

977 1486 1376 1574 Ἑλλάνων
1433 1489 1742 1594 ἐκράτυ-

1105 1650 1184 1694 νε
1241 1617 1648 1720 σφετέραις
1706 1619 2012 1722 φρεσίν.
2059 1677 2065 1687 .

984 1737 1367 1840 ἀκάματον
1426 1742 1508 1822 δὲ
1564 1749 1816 1848 παρῆν
1873 1745 2157 1828 σθένος-

981 1868 1278 1970 ἀνδρῶν
1333 1869 1899 1975 τευχηστήρων,
1962 1895 1967 1900 ’

2676 1884 2833 1971 οοο

979 1994 1422 2092 παμμίκτων
1477 1995 1540 2074 τ’
1583 1994 2020 2098 ἐπικούρων.

870 2125 1004 2197 νῦν
1061 2117 1124 2197 δ’
1167 2120 1302 2200 οὐκ
1359 2119 1811 2228 ἀμφιβόλως
1870 2119 2285 2227 θεότρεπτα
2339 2120 2496 2204 τάδ’

529 2364 831 2440 ἐκράτυνεν
872 2363 1159 2422 ἓπᾶκτους.
1203 2363 1475 2424 Butlerus
1502 2383 1635 2424 con-

519 2442 648 2521 jicit
675 2443 1013 2520 μεσάγκους.

609 2523 746 2580 890.
791 2523 917 2578 ἕλος
965 2519 1168 2596 Steph.
1216 2520 1408 2578 Schol.
1452 2520 1530 2579 A.
1573 2527 1633 2579 et

528 2620 583 2658 v.
612 2600 654 2657 1.
683 2599 744 2657 in
771 2598 860 2656 M.
889 2603 945 2656 2.
987 2599 1143 2677 quod
1166 2598 1357 2657 nescio
1385 2620 1458 2657 an
1484 2619 1632 2676 prae-

527 2684 684 2815 “egb
697 2759 746 2813 1.
792 2754 876 2813 ιδὲ
897 2753 1034 2813 Ald.
1055 2755 1204 2812 Rob.
1223 2754 1404 2815 Turn.
1427 2754 1630 2833 steph.

527 2836 726 2894 Κνίδος
755 2834 905 2892 Rob.

608 2918 746 2974 892.
789 2916 883 2983 τῆς
913 2916 1012 2969 νῦν
1037 2910 1174 2969 Ald.
1200 2911 1350 2970 Rob.

606 2994 745 3053 894.
790 2989 1202 3064 στεναγμάτων
1241 2989 1373 3047 edd.
1415 2995 1530 3047 vet.
1575 2996 1634 3045 et

529 3069 705 3128 MSS.
763 3073 1102 3145 στεναγμῶν
1153 3067 1522 3125 Hermannus
1575 3072 1634 3124 et

527 3146 832 3207 Burneius.

608 3229 747 3287 897.
788 3228 1085 3296 Ἐλλῆνων
1105 3221 1243 3280 Ald.
1263 3221 1442 3279 Turn.
1467 3223 1633 3279 ἑλαΰ-

529 3330 643 3365 νων
679 3304 829 3363 Rob.
872 3303 1190 3363 Hermann.
1297 3299 1446 3358 Dein
1486 3300 1632 3359 Bur·

526 3383 688 3443 neius
768 3383 1072 3462 ἓκράτυνεν
1171 3382 1632 3455 ἅναριτοτρόφους

529 3468 816 3540 σφετέραις
857 3468 1077 3540 φρεσίν,
1105 3478 1176 3517 ex
1208 3458 1480 3518 Athenaei
1505 3457 1630 3517 loco

527 3542 647 3600 ῙῙῙ.
678 3562 739 3619 p.
770 3543 870 3599 86.
900 3541 969 3600 C.
1014 3538 1301 3615 Αἶσχῦλος
1331 3538 1374 3597 δ’
1402 3540 1467 3597 ἐν
1492 3540 1631 3613 Πέρ-

527 3644 670 3688 σαις,
713 3625 808 3677 Τίς
851 3619 1048 3699 ἀνῄρει
1094 3617 1194 3675 τάς
1244 3620 1444 3685 νήσους
1487 3619 1629 3674 ἅνα-

526 3699 913 3774 ριτοτρόφους;
985 3698 1228 3769 εἴρηκεν.
1311 3711 1482 3769 quem
1549 3694 1630 3751 sie

526 3773 758 3851 corrigit
783 3773 871 3831 vir
895 3771 1278 3831 doctissimus.
1343 3772 1629 3847 Αἲσχῦλος

525 3853 572 3912 δ’
597 3855 664 3910 ἒν
693 3858 938 3927 Πέρσαις
964 3853 1063 3909 τὰς
1087 3850 1398 3924 Ἀναριτῶν
1431 3853 1630 3917 νήσους

524 3930 1013 4007 Ἀναριτοτρόφους
1042 3929 1283 4002 εἴρηκεν.
1365 3926 1520 3984 Mihi
1545 3934 1631 3984 ta-
1674 3964 1678 3968 -

523 4030 657 4070 men
695 4008 1034 4087 persuadere
1073 4024 1310 4084 nequeo,
1353 3994 1465 4063 ho‘c
1505 4004 1628 4082 epi-

523 4090 747 4154 theton,
815 4088 1168 4145 cochlearum
1229 4085 1496 4151 nutrices,
1553 4084 1626 4141 ab

523 4166 798 4246 AEschylo
822 4167 884 4224 in
909 4162 1188 4243 tragoedia
1224 4161 1492 4239 positum,
1521 4181 1627 4220 nec

521 4247 686 4305 video
714 4264 978 4326 quoenam
1005 4243 1120 4303 sint
1144 4242 1274 4300 istoe
1312 4244 1625 4316 Ἀναριταῖν

521 4330 701 4395 νῆσοι.
813 4324 888 4381 In
926 4322 1040 4382 hoc
1091 4321 1217 4380 loco
1263 4338 1378 4377 non
1421 4318 1625 4378 insulae

521 4408 868 4479 spectantur,
965 4418 1208 4479 quarum
1273 4396 1624 4457 enumeratio

513 4479 854 4559 jamdudum
883 4478 1038 4537 facte
1069 4484 1173 4546 est,
1217 4495 1416 4535 verum
1455 4477 1626 4536 urbes

1736 2367 2085 2428 Graecanicae
2164 2368 2315 2427 intra
2380 2369 2605 2429 Ionicos
2670 2371 2833 2430 fineS.

1732 2446 2015 2522 Equidem
2050 2444 2146 2504 vix
2193 2454 2293 2504 aut
2335 2467 2407 2506 ne
2452 2449 2548 2507 vix
2601 2449 2832 2526 quidem

1734 2524 1949 2591 dubito,
1992 2524 2129 2602 quin
2166 2525 2321 2602 apud
2358 2524 2706 2585 Athenaeum
2747 2547 2832 2586 re-

1730 2602 2059 2679 ponendum
2088 2603 2162 2661 sit
2200 2623 2307 2681 pro
2348 2609 2659 2685 Αἶσχύλος,
2690 2606 2833 2665 alius

1732 2681 2028 2759 cujusdam
2046 2688 2248 2757 poetae,
2272 2682 2462 2742 forsan
2484 2684 2829 2762 Epicharmi,

1729 2778 1955 2827 nomen,
2000 2759 2163 2837 cujus
2204 2768 2420 2838 Πέρσαι
2473 2764 2721 2822 citantur
2760 2764 2831 2821 ab

1732 2837 2075 2915 Etymologo
2102 2839 2192 2896 M.
2221 2858 2283 2916 p.
2321 2844 2449 2910 155,
2484 2846 2581 2919 29..
2624 2841 2835 2919 quique

1730 2916 1791 2973 in
1817 2915 1927 2975 alia
1955 2914 2149 2973 fabula
2174 2917 2521 2976 mentionem
2549 2924 2659 2979 τῶν
2686 2922 2831 2976 ἄνα-

1729 2998 1897 3069 ριτῶν
1923 2993 2151 3051 fecerat.
2235 2994 2367 3051 Hoc
2392 2996 2528 3053 olim
2554 2996 2753 3054 monui
2770 2997 2833 3054 in

1732 3071 1984 3129 Censura
2010 3069 2281 3127 Edinensi
2308 3071 2555 3147 (Edinb.
2584 3076 2832 3141 Review,

1730 3168 1863 3206 ann.
1893 3149 2064 3205 1811.
2095 3166 2155 3223 p.
2193 3148 2356 3225 169).
2401 3151 2473 3208 In
2494 3152 2608 3209 fine
2628 3158 2831 3229 χερσίν

1728 3246 1835 3305 pro
1862 3230 2060 3302 φρεσίν
2086 3225 2235 3283 Rob.

1810 3306 1947 3366 899.
1990 3308 2301 3381 &culparer
2327 3304 2463 3364 Ald.
2514 3312 2833 3387 ἀναίματον

1729 3382 1908 3441 Turn.
1964 3382 2249 3459 ἀκάματος·
2284 3384 2526 3461 primam
2567 3386 2833 3464 producit

1730 3462 1929 3522 eodem
1960 3461 2093 3539 jure
2133 3481 2247 3539 quo
2284 3464 2585 3531 ἀθάνατος,
2627 3484 2832 3542 nempe

1729 3540 1897 3598 metri
1927 3539 2260 3599 necessitate
2303 3540 2444 3618 (vid.
2478 3544 2727 3602 Glossar.
2758 3543 2833 3602 ad

1729 3619 1914 3676 Theb.
1946 3617 2115 3693 415).
2171 3617 2441 3697 Sophocl.
2464 3620 2665 3699 Antig.
2696 3625 2832 3683 339.

1716 3698 2012 3773 Ἀφθιτον,
2051 3695 2359 3772 ἀκάματον.
2477 3699 2570 3758 Sic
2610 3700 2831 3777 ἀπαρά-

1728 3777 1907 3849 μυθον
1936 3773 2231 3831 Prometh.
2270 3778 2401 3835 193.

1810 3854 1947 3911 900.
1990 3854 2380 3930 τευχηστόρων
2407 3853 2545 3913 Ald.

1810 3932 1918 3990 901
1932 3972 1947 3987 .
1988 3935 2317 4009 παμμίκταν
2333 3931 2663 3991 Α1ἆ.Τιιι·ῐι.
2682 3958 2831 4011 παμ-

1725 4008 1897 4084 μΐκτα
1927 4008 2077 4066 Rob.

1810 4090 1947 4147 902.
1988 4090 2319 4165 ἀμφιλόγως
2345 4088 2527 4145 Turn.
2559 4094 2617 4145 et
2642 4107 2831 4147 recen-

1726 4164 1918 4224 tiores.
1998 4170 2226 4241 ἀλόγως
2252 4166 2342 4224 Μ.
2381 4170 2434 4227 l.
2504 4165 2833 4243 ἀμφιβόλως

1726 4243 1863 4302 Ald.
1884 4243 2035 4303 Rob.
2061 4244 2136 4304 G.
2161 4244 2326 4304 colb.
2357 4248 2411 4302 1.
2456 4243 2649 4302 Schol.
2674 4248 2832 4323 quod

1725 4341 1844 4379 non
1870 4329 1991 4381 erat
2012 4342 2113 4381 cur
2127 4329 2465 4382 mutaretur.
2488 4322 2673 4381 Theb.
2689 4326 2828 4385 861.

1727 4404 1845 4459 Οὐκ
1883 4400 2218 4479 ἀμφιβόλως
2262 4401 2441 4478 Οἶμαί
2484 4402 2572 4479 σφ’
2616 4405 2830 4479 ἐρατόν

1725 4481 1789 4538 ἐκ
1812 4478 2193 4553 βαθυκόλπων
2216 4483 2487 4552 ,Στηθέων
2522 4484 2686 4551 ἥσειν
2728 4486 2832 4542 ἆλ-
