3282 5193
570 446 676 518 60

1447 444 1985 521 ΑΙΣΧΥΛΟΥ

786 647 952 733 θεὸς
1006 648 1155 754 γὰρ
1215 648 1355 729 οὐκ
1410 644 1775 755 ἤχθηρεν,
1836 653 1932 735 ὡς
1990 646 2293 755 εὔφρων
2352 649 2523 756 ἔφυ.

791 773 1048 880 Κύρου
1107 774 1189 856 δὲ
1245 784 1420 861 παῖς
1475 773 1831 881 τέταρτος
1890 779 2095 858 ἴθυνε
2148 775 2503 882 στρατόν·

788 904 1130 1003 πέμπτος
1170 902 1253 984 δὲ
1293 900 1616 1009 Μάρδος
1653 901 1918 1012 ἦρξεν,
1961 904 2291 1012 αἰσχύνη
2330 902 2604 1014 πάτρᾳ,
2706 920 2865 999 780

787 1029 1139 1136 θρόνοισί
1186 1033 1248 1112 τ’
1290 1035 1703 1139 ἀρχαίοισι·
1786 1032 1920 1114 τὸν
1979 1031 2063 1113 δὲ
2120 1029 2271 1114 σὺν
2325 1031 2529 1144 δόλῳ

783 1157 1308 1266 Ἀρταφρένης
1368 1156 1694 1242 ἔκτεινεν
1748 1157 2028 1244 ἐσθλὸς
2084 1164 2165 1241 ἐν
2223 1158 2501 1261 δόμοις,

788 1285 928 1395 ξὺν
966 1285 1338 1392 ἀνδράσιν
1397 1292 1784 1395 φίλοισιν,
1844 1287 1954 1372 οἷς
2010 1286 2167 1370 τόδ’
2207 1285 2302 1389 ἦν
2359 1291 2609 1394 χρέος.
2713 1369 2720 1373 .

788 1413 995 1518 κάγὼ
1048 1413 1302 1496 πάλου
1360 1415 1421 1495 τ’
1465 1411 1778 1520 ἔκυρσα,
1837 1425 2117 1522 τοῦπερ
2174 1410 2486 1518 ἤθελον,

648 1716 784 1779 778.
834 1714 1006 1773 Forte
1056 1713 1364 1792 legendum
1421 1706 1663 1792 ἔμφρων,

564 1813 642 1855 sc.
669 1793 876 1872 Cyrus.
963 1791 1056 1852 Sic
1083 1793 1248 1852 Colb.
1288 1797 1337 1850 1.

647 1876 790 1937 779.
807 1871 1014 1944 ηὔθυνε
1022 1873 1276 1931 Brunck.
1293 1891 1363 1931 ex
1380 1872 1453 1931 A.
1476 1871 1667 1952 aitque

563 1952 832 2030 Tragicos
867 1952 1017 2010 hanc
1044 1951 1287 2010 formam
1323 1952 1663 2029 praetulisse.

564 2032 702 2090 Mea
748 2050 908 2090 secus
955 2031 1236 2089 sententia
1279 2039 1382 2089 est.
1468 2030 1670 2089 Altera

564 2112 748 2169 forma
774 2109 1048 2169 vetustior
1089 2116 1192 2180 est,
1223 2110 1516 2188 magisque
1545 2111 1669 2169 Ho-

564 2189 791 2259 merica,
821 2190 938 2247 imo
973 2189 1236 2267 poetica3
1286 2189 1468 2247 Attici
1494 2189 1664 2257 enim,

564 2269 627 2326 ni
668 2269 847 2339 fallor,
885 2270 1115 2338 εὐθύνω,
1157 2268 1398 2338 εὔθυνος,
1440 2269 1667 2340 ου’θύνη,

568 2347 670 2406 διο.
702 2369 818 2406 non
842 2347 954 2406 nisi
971 2348 1030 2406 in
1051 2347 1220 2406 rebus
1241 2347 1487 2426 politicis
1508 2367 1671 2405 usur-

565 2428 798 2505 pabant.
847 2425 962 2486 ἲθῦε
1005 2427 1208 2486 veteris
1247 2427 1460 2485 Atticae
1497 2425 1671 2486 fuisse

566 2506 876 2565 ostendunt
903 2505 1218 2583 composita
1251 2510 1523 2575 ἰθυτενής,
1555 2507 1671 2564 ἰθύ-

569 2591 784 2664 φαλλος
807 2595 864 2645 et
883 2588 1174 2662 ἰθαγενής.
1226 2585 1296 2644 In
1314 2584 1665 2663 Theognide,

569 2665 842 2743 scriptore
863 2666 1077 2733 lonico,
1097 2664 1488 2741 reponendum
1517 2668 1608 2723 ἷθυ
1616 2689 1671 2723 ν-

567 2750 707 2821 τῆρα
734 2766 789 2803 v.
811 2746 948 2805 612.
985 2744 1138 2822 [vide
1159 2751 1350 2802 tamen
1372 2744 1666 2802 Prometh.

655 2824 788 2967 78]st
869 2909 909 2937 “
924 2902 1114 2981 Vulgo
1215 2901 1671 2981 conspirantibus

569 2983 737 3041 codd.
823 2984 1067 3060 Μάρδος,
1127 2982 1281 3060 quod
1341 3002 1550 3040 nomen
1608 2983 1672 3040 in

569 3062 927 3120 Persicorum
996 3080 1196 3139 regum
1259 3060 1401 3119 serie
1465 3061 1673 3119 nullibi

571 3147 880 3217 comparet.
963 3140 1054 3197 Ex
1082 3137 1380 3197 Herodoto
1407 3139 1544 3196 satis
1572 3159 1672 3197 no-

569 3228 666 3278 tus
694 3219 924 3297 Σμέρδιε
951 3225 1055 3277 est.
1139 3216 1405 3275 Nominis
1425 3216 1671 3295 primam

566 3299 790 3359 literam
845 3296 1072 3357 extrivit
1123 3296 1292 3354 metri
1345 3296 1667 3367 necessitaS,

569 3378 725 3457 quod
762 3380 819 3437 in
861 3376 983 3436 aliis
1009 3375 1242 3434 vocibus
1277 3374 1571 3445 usitatum,
1603 3384 1671 3436 ut

568 3458 630 3516 in
671 3457 876 3517 adfinis
907 3454 1034 3515 soni
1067 3455 1240 3513 verbo
1283 3455 1454 3533 σμέρδ
1532 3462 1667 3534 μέρ-

571 3538 666 3597 δω.
717 3534 1118 3596 Emendationi
1138 3535 1289 3593 favet
1307 3481 1667 3605 ScholiasteS,

571 3636 744 3695 quam
796 3614 1005 3673 alicubi
1055 3614 1336 3691 prolatam
1382 3613 1518 3683 vidi,
1569 3616 1672 3674 sed

567 3694 779 3752 librum
805 3713 923 3751 non
947 3692 1274 3750 recordor.''
1357 3693 1667 3754 BRuNcK.

571 3773 746 3831 Liber
778 3772 888 3829 iste
929 3770 968 3829 J
969 3770 1063 3827 ani
1091 3768 1362 3847 Rutgcrsi
1392 3778 1495 3840 cst,
1526 3770 1665 3831 Var.

570 3853 732 3910 Lect.
757 3850 877 3908 ΙΙΙ.
905 3852 996 3907 10.
1041 3848 1154 3907 Sed
1173 3867 1350 3926 ecqua
1370 3849 1482 3907 fuit
1500 3850 1671 3908 metri

569 3929 872 3989 necessitas
913 3948 1044 4007 quae
1084 3934 1314 4005 poetam
1351 3928 1670 4004 impelleret

569 4009 645 4070 ad
684 4009 929 4088 primam
971 4006 1216 4065 nominis
1254 4005 1477 4065 literam
1515 4016 1669 4066 exte·

568 4090 822 4159 rendam,
870 4107 1048 4166 quum
1089 4085 1249 4144 nulla
1288 4094 1434 4145 esset
1471 4106 1670 4146 caussa

568 4188 670 4229 cur
719 4175 976 4247 Πέμπτος
1021 4166 1082 4225 δὲ
1130 4166 1336 4244 Μέρδις
1379 4165 1665 4237 scriberet,

565 4248 759 4327 potius
803 4269 976 4327 quam
1020 4246 1252 4326 Σμέρδις
1295 4246 1356 4305 δὲ
1397 4252 1666 4321 πέμπτος,

569 4328 722 4404 quod
749 4328 884 4387 olim
909 4326 972 4385 in
999 4334 1163 4385 textu
1187 4324 1456 4404 reposui?
1495 4325 1668 4384 hodie

550 4425 700 4467 .vero
729 4406 1025 4483 vulgatum
1051 4405 1413 4465 retinendum
1440 4424 1663 4464 cense0.

651 4486 786 4545 780.
829 4485 1074 4563 αἰσχύνη
1123 4488 1307 4561 πάτρᾳ
1355 4484 1558 4561 Steph.
1609 4493 1667 4543 et

568 4562 938 4632 recentiores3
1003 4567 1182 4643 πάτρῃ
1231 4564 1392 4623 Med.
1456 4566 1667 4640 πάτρας

1763 1718 2002 1770 tuentur
2051 1711 2191 1774 Ald.
2242 1713 2390 1772 Rob.
2436 1713 2617 1772 Turn.
2668 1715 2862 1792 Mosq.

1767 1789 1963 1850 Guelf.
1992 1790 2191 1850 Viteb.

1848 1872 1985 1933 783.
2029 1869 2169 1946 Post
2187 1871 2343 1929 hunc
2363 1891 2589 1931 versum
2612 1871 2867 1949 sequitur

1764 1947 1825 2004 in
1854 1947 1984 2007 edd.
2012 1948 2208 2008 ’Έκτος
2235 1951 2296 2009 δὲ
2331 1953 2610 2030 Μάραφις,
2631 1951 2867 2028 ἕβδομος

1766 2026 1811 2084 δ’
1836 2031 2241 2108 Ἀρταφρένης.
2298 2029 2432 2106 (nisi
2459 2032 2616 2109 quod
2643 2031 2868 2108 Μάρφις

1763 2106 1835 2163 in
1873 2107 2011 2166 Ald.
2063 2109 2243 2186 Rob.)
2302 2129 2471 2186 quem
2524 2111 2866 2169 versiculum

1765 2185 2024 2262 spurium
2068 2193 2189 2246 es'se
2216 2189 2497 2266 judicavit
2541 2188 2863 2258 Schutzius‚

1764 2264 2048 2324 uncinulis
2075 2267 2305 2325 inclusit
2326 2267 2633 2326 Porsonus.
2710 2269 2867 2327 Bene

1765 2342 2083 2403 observavit
2102 2346 2417 2416 Schutzius,
2432 2347 2603 2424 quod,
2630 2354 2669 2379 “
2687 2366 2866 2426 quum

1764 2430 1982 2501 septem
2061 2424 2346 2502 principes
2414 2427 2717 2485 Persarum
2791 2424 2867 2484 ad

1766 2501 2029 2560 Smerdin
2060 2503 2374 2562 tollendum
2409 2505 2733 2582 conjurasse
2763 2525 2865 2564 no-

1763 2593 1889 2637 tum
1917 2589 2079 2651 esset,
2111 2581 2427 2642 Scholiasta
2458 2584 2604 2643 forte
2631 2584 2865 2663 quidam

1764 2659 1838 2717 ad
1882 2661 2215 2761 explicanda
2256 2663 2517 2739 AEschyli
2555 2667 2744 2733 verba,
2786 2665 2866 2724 οἷς

1764 2738 1878 2797 τόδ’
1942 2766 2013 2811 ην
2082 2748 2247 2819 χρέος
2308 2743 2576 2821 adjecerit
2643 2752 2863 2821 septem

1764 2818 2191 2897 conjuratorum
2243 2822 2492 2891 nomina,
2543 2822 2727 2881 tribus
2782 2842 2867 2881 se-

1763 2899 1938 2957 nariis
1968 2899 2203 2970 inclusa,
2232 2909 2274 2959 'e
2314 2902 2522 2979 quibus
2562 2902 2765 2961 tertius
2798 2922 2864 2960 eo

1763 2976 1984 3036 facilius
2030 2979 2089 3036 in
2137 2987 2359 3037 textum
2407 2980 2651 3057 irrepere
2697 2988 2866 3057 potu-

1764 3055 1889 3124 erit,
1945 3056 2100 3133 quod‘
2154 3076 2427 3115 numerus
2476 3060 2625 3117 ἕκτος
2679 3059 2866 3117 ordini

1765 3153 1967 3211 regum
1999 3135 2071 3192 ab
2098 3136 2374 3214 AEschylo
2405 3145 2863 3196 enumeratorum

1766 3214 2195 3290 responderet.'’
2239 3215 2426 3273 Acute
2442 3216 2689 3293 quidem,
2712 3217 2859 3285 haec,

1767 3310 1833 3349 ac
1859 3311 2009 3350 vere.
2093 3292 2349 3352 Schutzii
2382 3295 2720 3353 sententiam
2753 3296 2865 3354 cal-

1766 3370 1895 3428 culo
1928 3391 2031 3429 suo
2067 3374 2401 3450 comprobat
2437 3374 2755 3433 Larcherus
2788 3375 2863 3433 ad

1768 3448 2049 3509 Herodot.
2073 3452 2143 3510 T.
2163 3453 2235 3509 V.
2254 3473 2315 3531 p,
2348 3454 2483 3511 283.
2570 3453 2760 3512 Schol.
2792 3454 2865 3512 ad

1765 3549 1819 3586 v.
1856 3532 1992 3592 799.
2076 3533 2261 3607 Κύρου
2304 3532 2415 3592 υἱὸς
2454 3536 2485 3591 ὃ
2528 3533 2861 3612 Καμβύσης·

1766 3608 2005 3689 ἀδελφὸς
2034 3610 2113 3679 δέ,
2146 3617 2287 3671 κατὰ
2310 3612 2671 3681 Ἑλλανικόν,
2702 3620 2863 3692 Μαρ-

1765 3694 1891 3766 φίου
1923 3694 2014 3748 καὶ
2052 3692 2362 3771 Μεμφίδος.
2446 3694 2537 3751 Ex
2562 3694 2676 3753 hoc
2705 3700 2865 3766 Μαρ-

1763 3774 1881 3846 φίοε
1901 3768 2091 3827 forsan
2111 3772 2433 3848 provenerit
2458 3771 2614 3832 istud
2643 3776 2869 3853 Μάρφις

1762 3846 1853 3904 vel
1880 3848 2159 3926 Μάραφις.

1849 3928 1985 3989 784.
2030 3932 2186 4003 κάγὼ
2254 3930 2298 3989 δ’
2366 3932 2569 4008 ἔκυρσα
2640 3932 2865 3993 πάλλον

1768 4012 1969 4081 τοῦπερ
2006 4010 2216 4077 ἤθελον
2251 4008 2388 4069 Ald.
2460 4015 2617 4086 κάγὼ
2660 4015 2864 4088 ἔκυρσα

1769 4085 1982 4145 πάλους
2010 4088 2160 4147 Rob.
2192 4093 2347 4164 κάγὼ
2368 4089 2412 4148 δ’
2434 4094 2631 4168 ἔκυρσα
2662 4098 2865 4171 τοῦπερ

1766 4166 1977 4237 ἤθελον
1994 4171 2178 4227 πάλου
2194 4170 2375 4227 Turn.
2408 4168 2609 4247 Steph.
2631 4169 2862 4233 Canter.

1768 4250 1983 4321 κᾶγωγ’
2026 4253 2226 4325 ἔκυρσα
2272 4274 2321 4307 τ.
2372 4248 2425 4319 ἥ.
2477 4274 2538 4307 π.
2626 4249 2863 4311 Porson.

1768 4324 1939 4393 Quod
1966 4326 2115 4395 dedi,
2152 4327 2481 4385 Brunckius’
2508 4327 2770 4387 exhibuit
2797 4351 2867 4390 ex

1767 4405 1842 4463 A.
1874 4406 1943 4463 B.
1989 4415 2047 4464 et
2078 4407 2159 4465 sic
2191 4406 2354 4464 Med.
2387 4406 2461 4465 G.
2492 4408 2575 4465 H.
2608 4408 2772 4467 Colb.
2814 4414 2864 4469 l.

1770 4484 1855 4542 M.
1888 4488 1936 4542 l.
1957 4490 2015 4544 2.
2062 4485 2253 4543 Guelf.
2284 4485 2396 4543 nisi
2424 4487 2578 4565 quod
2606 4506 2801 4549 omnes
2824 4490 2869 4549 δ’

1765 4584 1869 4641 pro
1897 4568 1961 4623 τ’.
