3282 5193
1297 437 1679 513 ΠΕΡΣΑΙ
1692 494 1708 511 .

2554 433 2647 506 11

692 646 845 728 τόδ’
889 642 1306 749 ἐνεζόμενοι
1367 642 1641 745 στέγος
1700 645 2044 747 ἀρχαῖον,
2086 715 2095 724 .

698 777 1067 882 φροντίδα
1125 769 1395 871 κεδνὴν
1452 773 1574 850 καὶ
1631 767 2132 864 βαθύβουλον

815 901 1137 1000 θώμεθα,
1197 901 1414 1004 χρεία
1471 897 1553 977 δὲ
1610 894 2001 1000 προσήκει,

701 1036 861 1111 πῶς
919 1023 1064 1131 ἄρα
1120 1023 1461 1127 πράσσει
1520 1023 1853 1130 Ξέρξης,
1911 1019 2283 1117 βασιλεὺς

1044 1150 1575 1254 Δαρειογενής,

2513 1158 2661 1225 150

702 1277 789 1358 τὸ
847 1273 1374 1380 πατρωνύμιον
1433 1278 1653 1377 γένος
1708 1275 2115 1378 ἡμέτερον;

709 1402 1033 1507 πότερον
1090 1398 1325 1508 τόξου
1380 1405 1578 1504 ῥῦμα
1636 1399 1723 1480 τὸ
1786 1408 2036 1496 νικῶν,

1040 1525 1088 1629 ἢ
1147 1526 1599 1632 δορικράνου

815 1653 1110 1760 λόγχης
1169 1651 1389 1757 ἰσχῦς
1449 1650 1956 1756 κεκράτηκεν;

710 1783 882 1861 ἀλλ’
923 1777 1058 1881 ἥδε
1115 1787 1322 1861 θεῶν.
1364 1780 1535 1860 ἴσον
1593 1783 2023 1886 ὀφθαλμοῖς

2524 1797 2667 1860 155

709 1907 901 2014 φάος
961 1910 1304 2011 ὁρμᾶται,
1361 1907 1608 2010 μήτηρ
1664 1906 2079 2002 βασιλέως,

823 2034 1201 2129 βασίλεια
1258 2033 1320 2112 δ’
1365 2032 1528 2133 ἐμή,
1588 2036 1658 2138 †·
1699 2041 2176 2136 προσπιτνῶ.

716 2162 838 2238 καὶ
893 2154 1528 2261 προσφθόγγοισι
1581 2154 1826 2264 χρεὼν
1890 2153 2125 2257 αὐτὴν

386 2397 642 2479 disposui
700 2395 776 2455 ad
834 2402 1085 2454 mentem
1146 2394 1486 2476 Hermanni,

385 2500 556 2559 quem
575 2476 705 2536 vide
724 2474 799 2533 ad
815 2473 1116 2552 Aristoph.
1131 2473 1292 2533 Nub.
1312 2478 1483 2534 1012.

477 2561 608 2618 148.
654 2559 922 2633 προσήκοι
948 2553 1038 2615 Μ.
1078 2558 1128 2613 l.
1161 2553 1326 2614 Colb.
1361 2558 1417 2613 2.

474 2641 606 2697 150.
648 2632 840 2713 Vulgo
896 2634 980 2693 ita
1031 2632 1366 2693 dividuntur
1422 2634 1487 2692 hi

387 2735 601 2785 verm,
652 2718 1054 2790 Δαρειογὲνης,
1097 2712 1158 2772 τὸ
1201 2712 1488 2789 πατρωνύ-

389 2816 591 2873 μιον-Ξ
603 2800 770 2868 γένος
789 2796 1085 2870 ἁμέτερον.
1142 2790 1292 2850 Vide
1317 2810 1490 2869 supra

389 2895 481 2933 vv.
509 2878 568 2931 5.
601 2874 658 2932 6.

480 2956 612 3011 151.
655 2948 1048 3027 πατρωνύμιον
1077 2953 1245 3022 γένος
1272 2965 1488 3007 omnes.

396 3030 698 3091 Schutzius
727 3028 1049 3107 suspicatur
1077 3044 1269 3085 veram
1295 3026 1490 3085 lectio-

393 3130 526 3170 nem
554 3128 694 3178 esse‚
725 3109 1129 3183 Δαρειογενής,
1161 3112 1330 3181 γένος
1356 3109 1491 3183 ἡμέ-

394 3212 573 3265 τερον,
596 3186 936 3246 vocabulum
951 3204 1084 3245 vero
1101 3186 1494 3263 πατρωνύμιον

396 3288 468 3327 ex
488 3265 875 3325 Grammatico
895 3264 1237 3343 provenisse,
1260 3283 1494 3323 monen-

397 3354 456 3405 te
474 3343 852 3423 Δαρειογενὴς
874 3343 1332 3422 patronymicum
1353 3361 1492 3403 esse.

399 3426 547 3493 Quae
564 3423 904 3501 conjectura,
927 3427 1138 3499 praeter
1158 3420 1268 3478 alia
1281 3421 1496 3481 incom-

398 3504 646 3571 modata,
696 3500 868 3558 etiam
914 3499 1028 3555 hoe
1065 3498 1304 3573 labqrat,
1344 3498 1500 3576 quod

401 3582 781 3659 Δαρειογενὴς
807 3595 937 3667 non·
956 3581 1044 3666 est·
1067 3593 1279 3665 momen
1303 3582 1496 3653 patro-

402 3652 1502 3815 Roeyssss‘fuffihffissfffissffiffjffff‘ffle

404 3815 542 3876 olim
563 3814 715 3875 edidi
736 3814 798 3873 τὸ
824 3815 1195 3891 πατρῶνυμον
1223 3818 1322 3870 ὥν.
1388 3811 1502 3870 Sed

445 3914 548 3954 ene
585 3913 680 3955 sus
722 3892 840 3952 icor
869 3892 1176 3970 genuinam
1201 3890 1502 3951 lectionem

445 3974 674 4053 ujusmo
715 3971 738 4030 i
777 3989 914 4041 esse,
951 3975 1012 4029 τό
1045 3996 1106 4030 τε
1140 3974 1503 4049 Περσόνομον

408 4060 575 4127 γένος
602 4056 894 4129 ἡμέτερον.
939 4049 1100 4108 Infra
1118 4053 1256 4109 915.
1288 4054 1506 4109 Ὀτοτοῖ

299 4185 308 4189 -
406 4132 674 4207 βασιλεῦ’,
696 4132 956 4206 στρατιᾶς
974 4132 1214 4203 ἀγαθᾶς,
1235 4132 1346 4187 Καὶ
1369 4136 1506 4204 Περ-

379 4248 388 4253 ·
412 4215 654 4290 σονόμου
673 4214 828 4286 τιμῆς
845 4207 1127 4287 μεγάλης.
1157 4206 1374 4266 Eodem
1390 4207 1508 4266 fere

410 4291 584 4350 modo
596 4296 789 4369 regem
811 4294 872 4347 et
888 4288 1201 4346 exercitum
1217 4286 1510 4366 conjungit

412 4390 468 4427 v.
500 4372 558 4429 8.
633 4372 806 4447 Ἀμφὶ
833 4367 896 4426 δὲ
923 4370 1104 4446 νόστῳ
1129 4370 1208 4443 τῷ
1232 4365 1509 4445 βασιλείῳ

417 4452 528 4506 Καὶ
547 4450 911 4527 πολυχρύσου
933 4450 1191 4522 στρατιᾶς
1212 4446 1315 4517 ἤδη
1339 4450 1506 4519 scs-K.

494 4527 648 4586 Ibid.
693 4532 969 4607 ἁμέτερον
997 4524 1128 4584 edd.

1587 2399 1807 2533 ΑΙ(1152.
1848 2399 2116 2474 πρότερον
2146 2397 2295 2457 Rob.
2357 2399 2507 2458 Dein
2530 2403 2683 2479 ῥῆμα

1586 2632 1630 2692 t.
1677 2556 1808 2613 153.
1854 2553 2187 2633 δορυκράνου
2204 2555 2386 2617 Turn.
2411 2565 2469 2617 et
2496 2576 2683 2619 reeen-

1613 2652 1781 2692 lores-

1675 2715 1808 2771 155.
1849 2713 1979 2772 ἶσον
2004 2711 2142 2774 Ald.
2166 2714 2317 2774 Rob.
2361 2715 2512 2775 Cum
2531 2717 2687 2795 geni-

1587 2790 1708 2848 tivo
1723 2790 1881 2850 haud
1908 2793 2271 2864 construitur,
2290 2794 2446 2885 quod
2464 2796 2690 2874 putavit

1592 2868 1944 2940 Scholiasta3
2014 2890 2189 2948 quare
2252 2872 2389 2930 ohm
2455 2874 2687 2952 conjeci,

1592 2951 1741 3006 θεοῖς
1792 2949 1924 3007 ’ὅσον
1979 2952 2287 3028 ὀφθαλμῶν
2331 2952 2491 3030 φάος.
2576 2954 2691 3012 Sed

1591 3025 1889 3086 commode
1934 3027 2343 3107 interpretatur
2390 3030 2692 3092 Schutzius

1593 3104 1750 3183 φάος,
1778 3108 1909 3165 ἰ’σον
1938 3110 2251 3187 ὀφθαλμοῖς
2272 3113 2437 3170 θεῶν.
2459 3118 2528 3170 ut
2546 3112 2693 3171 nihil

1593 3192 1805 3244 temere
1830 3193 2071 3246 mutem.

1681 3266 1813 3323 156.
1898 3271 1969 3324 ῶς
1996 3265 2134 3324 Ald.
2163 3267 2399 3326 Barocc.

1681 3344 1815 3404 157.
1901 3345 1954 3403 ic
1997 3343 2173 3401 MSS.
2218 3354 2276 3403 et
2314 3345 2445 3403 edd.
2534 3353 2573 3381 “
2593 3353 2695 3418 τὴν

1593 3424 2699 3579 ’ἕὲἔῖιῖἔῖἶοῷἶίἷῗωῗηιῖῑῗῖροὶῗ

1597 3576 1947 3654 πιτνῶμεν.”
1973 3576 2048 3635 R.
2070 3575 2137 3634 P.
2195 3576 2528 3655 Legendum
2554 3590 2699 3659 puto

1598 3659 1928 3732 προπίτνειν
1951 3654 2175 3730 δ’ἢμᾶς.
2214 3655 2373 3716 Infra
2388 3662 2527 3719 594.
2564 3663 2702 3722 Ofir’

1600 3739 1716 3871 ξξῖᾶ
1746 3738 2694 3880 Ἔῖωεῗέἵιῖἴέῗίνὲιςιῐξᾼΐεῗαῖἷ

1603 3894 1741 3952 618.
1856 3892 2083 3967 Εοῐεω),
2123 3912 2263 3951 vero·
2308 3836 2420 3953 vo}
2471 3917 2702 3975 prorsus

1601 3970 1877 4051 ejicienda
1918 3971 2009 4041 sit,
2054 3978 2123 4029 ut
2164 3990 2359 4031 versus
2405 3975 2508 4033 fiat
2553 3977 2705 4037 basis

1603 4050 1983 4129 anapaestica3
2029 4057 2170 4108 tunc
2210 4057 2403 4109 autem
2437 4053 2701 4130 legerem,

1606 4133 2103 4209 Προσφθόγγοισιν
2132 4128 2193 4187 δὲ
2220 4134 2407 4207 χρεὼν
2436 4135 2633 4201 αὐτήν.

1694 4212 1826 4269 158.
1858 4212 1948 4266 καὶ
1968 4211 2384 4286 προσφθόγγοις
2406 4208 2466 4265 δὲ
2486 4228 2701 4273 omnes.

1611 4286 1757 4347 Vide
1782 4288 1857 4345 ad
1889 4288 2084 4345 Prom.
2121 4289 2293 4346 1009.
2325 4285 2415 4343 ed.
2451 4287 2703 4351 alterius.

1609 4366 1748 4424 Non
1800 4373 1887 4423 est
1948 4365 2103 4443 quod
2160 4363 2413 4423 offendat
2470 4384 2706 4431 caesurae

1610 4442 1861 4501 violatiO.
1909 4443 2117 4521 Agam.
2147 4446 2245 4502 52.
2274 4444 2564 4521 πτερύγων
2593 4452 2709 4527 ἐρε-

1613 4530 1839 4599 τμοῖσιν
1883 4525 2267 4601 ἐρεσσόμενοι.
2328 4526 2426 4583 64.
2471 4530 2710 4601 γόνατος
