3282 5193
522 413 628 486 36

1410 396 1945 473 ΑΙΣΧΥΛΟΥ

748 617 897 690 ποῦ
954 604 1172 689 τάσδ’
1215 600 1559 692 ἐ’λειπες;
1643 596 1872 680 οἶσθα
1928 604 2263 701 σημῆναι
2321 605 2609 703 τορῶς;
2669 614 2861 678 485·

532 745 692 822 ΑΓ.
760 744 946 818 νεῶν
1001 768 1092 837 γε
1148 734 1365 833 ταγοὶ
1423 736 1572 811 τῶν
1626 727 2140 826 λελειμμένων
2199 725 2446 827 σύδην

754 864 910 946 κατ’
942 857 1181 964 ὀὖρον
1239 860 1375 938 οὐκ
1435 851 1814 954 εὔκοσμον
1871 853 2206 958 αἴρονται
2265 852 2548 960 φυγήν.

751 986 1086 1094 στρατὸς
1147 984 1209 1065 δ’
1251 987 1306 1064 ὅ
1349 980 1622 1066 λοιπὸς
1680 975 1761 1060 ’έν
1818 1014 1902 1059 τε
1959 985 2308 1061 Βοιωτῶν
2364 984 2586 1086 χθονὶ

759 1113 1241 1198 διώλεὸ-οὶ
1296 1109 1434 1212 μὲν
1490 1111 1687 1215 ἀμφὶ
1744 1113 2101 1212 κρηναῖον
2158 1105 2387 1212 γάνος

756 1245 948 1350 δίψῃ
993 1247 1421 1336 πονοῦντες,
1476 1242 1547 1316 οἱ
1600 1235 1664 1316 δ’
1710 1233 1830 1313 ὑπ’
1872 1229 2258 1334 ἄσθματος
2304 1235 2615 1316 κενοί-
2679 1251 2836 1316 490

759 1367 1260 1474 διεκπερῶμέν
1317 1366 1377 1447 τ’
1422 1364 1524 1448 εἷς
1579 1397 1663 1444 τε
1722 1362 2040 1442 Φωκέων
2096 1361 2366 1468 χθόνα,

767 1501 888 1579 καὶ
945 1492 1221 1599 Δωρίδ’
1262 1488 1460 1589 αἶαν,
1522 1496 1794 1596 Μηλιᾶ
1850 1523 1933 1570 τε
1990 1485 2311 1584 κόλπον,
2372 1484 2459 1570 οὗ

767 1621 1177 1729 Σπερχειὸς
1233 1616 1444 1724 ἄρδει
1501 1620 1765 1698 πεδίον
1824 1617 2119 1717 εὐμενεῖ
2166 1614 2397 1725 πότῳ·

767 1754 1167 1833 κάντεῦθεν
1221 1747 1410 1847 ἡμᾶς
1465 1751 1605 1848 γῆς
1640 1743 1999 1850 Ἀχαΐδος
2054 1744 2288 1824 πέδον

767 1882 888 1960 καὶ
943 1881 1386 1990 Θεσσαλῶν
1442 1871 1759 1970 πόλισμ’
1803 1872 2513 1970 ὑπεσπανισμένους

2682 1889 2834 1954 495

762 2013 1001 2109 βορᾶς
1059 2001 1418 2110 ἐδέξαντ’.
1499 1994 1684 2080 ἐ’νθα
1740 1995 1833 2099 δὴ
1890 2006 2246 2080 πλεῖστοι
2282 1999 2585 2081 'eduen-0

766 2134 961 2239 δίψῃ
1019 2166 1100 2211 τε
1157 2134 1356 2238 λιμῷ
1409 2128 1500 2226 τ’,
1561 2123 1957 2234 ἀμφότερα
2012 2123 2161 2230 γὰρ
2217 2121 2313 2228 ἦν
2368 2126 2573 2208 τάδε.

768 2254 1269 2363 Μαγνητικὴν
1326 2252 1408 2336 δὲ
1451 2243 1716 2358 γαῖαν,
1775 2251 1908 2354 ἠδὲ
1967 2252 2431 2335 Μακεδόνων

766 2388 1024 2496 χώραν
1081 2381 1556 2493 ἀφικόμεσθ’,
1617 2381 1731 2463 ἐπ’
1770 2380 2040 2487 Ἀξίου
2094 2379 2359 2485 πόρον,

627 2612 767 2670 485.
813 2612 1003 2667 ἔλιπες
1028 2605 1167 2665 Ald.
1195 2604 1376 2663 Turn.
1408 2604 1648 2662 Barocc'.

550 2690 642 2748 Μ.
707 2693 759 2748 l.
819 2691 876 2747 2.
946 2691 1056 2746 ποῦ
1113 2684 1284 2744 τάσδε
1353 2687 1408 2756 γ’
1459 2686 1650 2741 ἔλιπες

550 2767 805 2827 Brunck.
821 2766 1054 2827 Schutz.
1075 2765 1218 2824 citra
1234 2762 1649 2821 necessitatem.

548 2847 734 2907 Theb.
755 2850 854 2907 55.
879 2853 1004 2918 Κλη
1024 2846 1303 2923 ,ουμένους
1328 2842 1373 2901 δ’
1395 2844 1649 2903 ἔλειπον.

552 2926 754 3005 Eurip.
801 2871 1044 3004 Hippos.
1081 2929 1220 2987 921.
1293 2924 1411 2981 Ἢν
1453 2926 1654 3000 ἀρτίως

553 3010 808 3065 ἔλειπον.
890 3003 1132 3083 Anglice
1172 3000 1425 3070 vei-teria,
1466 3003 1655 3060 where

551 3086 661 3143 did
669 3104 783 3161 you
800 3083 957 3141 leave
975 3082 1167 3140 them?
1194 3078 1473 3139 Brunckii
1485 3080 1653 3139 lectio

551 3171 717 3232 esset,
739 3162 926 3219 where
951 3161 1096 3219 Ιιαυε
1118 3179 1234 3236 you
1261 3161 1373 3235 left
1401 3159 1592 3217 themf

631 3243 773 3300 486.
819 3246 975 3299 ναῶν
995 3256 1213 3299 omnes.
1257 3236 1649 3298 videad389.

552 3325 926 3397 λελεγμένων
951 3340 1008 3377 v.
1045 3322 1098 3377 l.
1127 3317 1188 3375 in
1217 3317 1296 3375 N.
1346 3315 1408 3375 δὲ
1444 3336 1548 3395 pro
1581 3342 1653 3393 γε

553 3400 692 3459 Ald.
721 3400 903 3459 Turn.
935 3397 1138 3476 steph.

517 3518 532 3529 ·
630 3481 772 3543 2187.
815 3478 1006 3556 Vulgo
1034 3478 1340 3554 αἱροῦνται.
1384 3474 1652 3533 Alterum

555 3558 782 3638 reposui
809 3576 878 3615 ex
906 3556 1161 3615 Elmsleii
1187 3554 1411 3615 monitu
1437 3554 1512 3612 ad
1538 3554 1655 3611 Eu-

553 3631 1650 3788 ἓὲἁ.ΗιῖἱὲἶῙῑ;ῗῗῗῴὰῗὲᾅῗῖῧξζψ·

636 3793 776 3850 488.
821 3790 883 3849 δὲ
908 3791 1101 3852 λοιπὸς
1131 3790 1296 3849 Colb.
1327 3794 1378 3847 l.
1410 3792 1653 3847 Βοιοτῶν

558 3870 686 3930 Ald.
780 3869 1006 3947 Copula
1039 3876 1231 3929 autem
1267 3891 1329 3928 re
1363 3866 1658 3927 referenda

559 3950 828 4017 estadv.
856 3952 998 4010 491.
1266 3966 1270 3977 ·
1524 3962 1529 3967 ·
1601 3984 1651 4003 -.

636 4031 776 4092 489.
823 4028 1043 4093 διώλυθ
1070 4025 1220 4085 Rob.
1276 4026 1541 4087 διώλλυθ’
1567 4044 1652 4083 ce-

555 4108 683 4169 teri.
768 4108 882 4167 Vix
933 4105 1172 4171 dubium
1217 4112 1362 4183 puto
1415 4104 1655 4173 διώλεθ’,

558 4189 713 4270 quod
759 4185 1007 4265 reposui.
1069 4187 1341 4263 ὀλόμενος
1384 4191 1441 4242 et
1489 4185 1659 4243 ὀλλῦ-

557 4292 727 4344 μενος
766 4267 1004 4326 confusa
1041 4272 1176 4324 sunt
1211 4263 1273 4322 in
1298 4262 1483 4322 Theb.
1514 4264 1655 4321 320.

639 4426 778 4482 490.
823 4423 974 4499 δίψει
1013 4442 1208 4482 omnes
1289 4429 1459 4480 raeter
1490 4420 1653 4479 Med.

562 4502 660 4581 qui
681 4501 839 4575 δίψη.
907 4501 1246 4579 Eurip.Cyc
1273 4543 1288 4558 .
1310 4504 1428 4565 97..
1471 4501 1657 4575 Δίψης

1752 2608 1879 2663 ἄκος
1906 2600 2169 2677 λάβοιεν,
2192 2604 2294 2663 ubi
2312 2612 2506 2664 tamen
2524 2605 2636 2684 legi
2656 2618 2847 2687 posset

1751 2684 1964 2758 δίψους,
2004 2688 2070 2739 ut
2095 2682 2157 2740 in
2184 2682 2531 2763 Antiphanis
2556 2705 2725 2746 versu
2749 2709 2844 2769 ap.

1752 2761 1971 2822 Penne.
2002 2760 2079 2819 X.
2115 2762 2209 2824 73.
2278 2766 2548 2823 ἀσκοπυτί
2553 2789 2656 2838 νην
2704 2772 2845 2839 τινά,

1752 2843 1965 2917 Δι’ψους
1987 2843 2237 2916 ἀρωγόν.
2283 2842 2394 2902 Sed
2410 2843 2521 2903 hoc
2535 2847 2848 2907 recentium

1749 2921 2094 2988 Atticorum,
2113 2920 2258 2979 illud
2282 2930 2538 2981 veterum
2558 2924 2732 2985 fuisse
2757 2943 2846 2986 ar-

1728 2997 1949 3059 bitror.
2031 2998 2166 3058 vid.
2197 3002 2336 3063 497.
2374 3009 2433 3061 et
2462 2999 2732 3081 Appen'd.
2775 3006 2851 3065 ad

1749 3078 1813 3183 Ξι.
1842 3099 1925 3181 'v.
2009 3076 2155 3137 Mox
2208 3079 2311 3172 ἕρπ’.
2352 3084 2599 3160 &aporos
2654 3084 2848 3164 Μῦες.

1750 3160 2743 3325 ”φίῧῖῗ’ἶῗυῗὲἓῖθὲἶῖ.ῗᾮ“ὲῖἒ“ἴ’ἔ.
2788 3268 2851 3303 r.

1753 3324 1821 3377 Φ.
1852 3342 1916 3396 χ.
1986 3313 2100 3373 Sed
2121 3336 2297 3394 quum
2324 3320 2605 3397 particula
2629 3346 2692 3381 re
2710 3322 2772 3381 in
2790 3343 2848 3382 v.

1750 3399 1891 3457 488.
1932 3392 2078 3454 nihil
2116 3394 2353 3455 haberet
2386 3399 2459 3457 ad
2495 3400 2651 3478 quod
2681 3402 2853 3461 refer·
2926 3458 2936 3466 .

1750 3483 1925 3545 retur,
1985 3471 2287 3533 Schutzius
2340 3477 2617 3556 corrigere
2668 3478 2851 3539 voluit

1750 3558 1829 3617 Οἵ
1854 3555 1898 3614 τ’
1926 3557 2264 3631 ἐκπερῶμεν.
2320 3554 2531 3615 Lenior
2550 3566 2653 3627 est,
2677 3579 2849 3637 quam

1750 3633 2005 3702 adhibui,
2036 3631 2245 3691 Bothei
2272 3633 2509 3693 medela.

1832 3716 1969 3773 493.
2016 3710 2206 3786 ἄρδεσι
2236 3711 2369 3771 Ald.

1830 3794 1969 3851 494.
2012 3794 2106 3859 τῆς
2131 3809 2236 3869 pro
2264 3796 2368 3865 γῆς
2397 3792 2478 3849 H.
2512 3791 2592 3852 K.

1832 3871 1970 3930 496.
2016 3868 2223 3935 ἐδέξατ’
2249 3869 2441 3929 Viteb.
2499 3872 2677 3932 θάνον
2698 3874 2847 3934 Rob.

1752 3948 2155 4009 Turn.,'‘0avov
2183 3948 2375 4008 Pauw.
2462 3950 2695 4011 Rectius
2716 3954 2848 4011 scri-

1752 4028 1909 4086 bitur
1933 4027 2147 4088 ’θᾶνον.
2191 4030 2411 4089 πλεῖστ’
2436 4034 2643 4090 ἔθανον
2671 4030 2810 4090 Ald.

1830 4110 1969 4170 497.
2014 4107 2168 4183 δίψει
2184 4107 2441 4168 Brunck.
2464 4130 2496 4168 e
2516 4109 2683 4169 codd.
2704 4110 2849 4189 Reg.

1752 4192 1812 4242 et
1839 4185 1920 4243 sic
1948 4186 2114 4246 Colb.
2142 4192 2193 4245 1.
2225 4188 2296 4247 L.
2327 4186 2418 4246 M.
2449 4192 2507 4247 2.

1832 4267 1972 4324 498.
2017 4268 2073 4324 ἔς
2093 4290 2156 4324 re
2172 4276 2281 4344 ‘pro
2302 4265 2402 4336 ἠδὲ
2423 4285 2621 4325 omnes
2641 4277 2853 4345 praeter

1757 4342 2154 4403 Robortellum
2193 4364 2260 4404 ac
2302 4344 2640 4414 Personam,
2680 4368 2850 4425 quem

1751 4420 1880 4480 vide
1907 4422 1983 4481 ad
2005 4421 2209 4500 Eur-ip.
2240 4423 2525 4483 Phoenism
2562 4428 2733 4487 1703.

1834 4503 1972 4561 499.
2014 4505 2305 4580 ἀφικόμεθ’
2331 4502 2482 4563 Rob.
2520 4572 2533 4579 ·
