3282 5193
1274 407 1686 488 ΠΕΡΣΑῙ.

2546 410 2650 481 25

575 624 1041 720 Φαρνοῦχος,
1096 615 1273 696 οἶδε’
1310 612 1483 698 ναὸς
1535 610 1816 693 ἔπεσον
1873 616 1953 694 ἐκ
2006 624 2224 714 μιᾶς.-

574 740 928 848 Χρυσεὺς
982 741 1407 827 Μάταλλος
1463 738 2011 846 μυριόνταρχος
2062 743 2338 839 θανών,

577 873 811 952 ἵππου
868 871 1227 971 μελαίνης
1284 867 1579 972 ἡγεμὼν
1629 871 2101 973 τρισμυρίας,

2496 882 2655 948 320

576 996 886 1102 πυρσὴν
949 997 1296 1101 ζαπληθῆ
1350 995 1672 1076 δάσκιον
1725 995 2075 1101 γενειάδα

581 1120 850 1227 ἔτεγγ’,
892 1126 1224 1225 ἀμείβων
1277 1132 1531 1230 χρῶτα
1587 1130 1950 1231 πορφυρᾷ
2001 1131 2245 1232 βαφῇ·

583 1256 704 1332 καὶ
758 1259 1031 1354 Μᾶγος
1053 1250 1422 1364 Ἀραβος,
1459 1249 1843 1356 Ἀρτάμης
1899 1287 1982 1332 τε
2040 1251 2434 1352 Βάκτριος,

581 1389 926 1483 σκληρᾶς
974 1377 1321 1479 με’τοικος
1374 1385 1539 1482 γῆς,
1594 1383 1749 1459 ἐκεῖ
1801 1377 2233 1486 κατέφθιτο.

570 1502 1025 1610 Ἀμηστρις,
1066 1504 1583 1613 Ἀμφιστρεύς
1639 1541 1751 1601 τε,
1790 1504 2232 1587 πολύπονον
2272 1505 2452 1611 δόρυ
2502 1525 2657 1588 325

589 1641 879 1733 νωμῶν,
929 1629 973 1713 ὅ
1029 1632 1089 1716 τ’
1131 1630 1413 1718 ἐσθλὸς
1450 1629 1949 1738 Ἀριόμαρδος

366 1911 515 1969 Rob.
622 1901 975 1992 Φερεσσέβης
1029 1912 1211 1971 Turn.
1265 1910 1467 1990 Steph.

366 1989 522 2069 quod
549 1991 737 2048 nescio
763 2011 836 2048 an
865 2011 1061 2049 verum
1090 1991 1183 2050 sit.
1268 1999 1473 2068 Φερεσ-

369 2070 529 2140 σεύης
574 2069 647 2128 A.
679 2070 751 2126 B.
784 2071 871 2127 Μ.
910 2074 962 2126 l.
986 2075 1044 2128 2.
1123 2071 1289 2129 Colb.
1327 2076 1377 2128 l.
1413 2075 1467 2128 2.

368 2147 673 2206 Lambeth.
697 2149 952 2206 Brunck.
974 2150 1211 2207 Porson.
1238 2149 1468 2208 Schutz.

349 2229 722 2307 ’φαρασσεύης
765 2228 844 2285 Κ.
888 2233 1227 2305 φερεσσακὴς
1262 2228 1469 2287 Bothe.

378 2341 389 2348 -
449 2309 587 2365 318.
628 2309 717 2365 καὶ
738 2313 1061 2386 Φαρνοῦχος
1082 2307 1215 2365 Ald.
1237 2308 1471 2366 Barocc.

371 2390 462 2446 καὶ
490 2390 806 2463 φανοῦρχος
831 2387 980 2444 Rob.
1011 2387 1144 2444 Vid.
1168 2385 1316 2444 infra
1338 2389 1472 2464 953.

383 2510 391 2518 .
454 2467 610 2524 Πιίιῖ.
656 2468 773 2524 οἵτε
801 2466 950 2524 Rob.
992 2465 1152 2523 Med.
1187 2465 1351 2524 Colb.
1423 2464 1478 2524 οἵ

377 2545 431 2621 γ’
460 2545 541 2604 Η.
628 2544 777 2603 Dein
809 2550 943 2604 νεὼς
970 2545 1105 2604 Ald.
1128 2545 1275 2603 Rob.
1296 2545 1474 2603 Turn.

376 2630 435 2685 ἐκ
461 2630 589 2701 μιᾶς
616 2631 795 2683 πέσον
823 2626 955 2684 edd.
979 2632 1110 2683 ante
1139 2625 1475 2692 Porsonum,

375 2704 475 2783 qui
526 2703 684 2763 dedit
727 2708 932 2763 ἔπεσον
986 2708 1048 2762 ἐκ
1094 2707 1243 2780 μιᾶς.
1329 2702 1483 2761 Mihi

377 2784 607 2862 quidem
643 2785 826 2861 magis
868 2783 1117 2861 placeret
1153 2784 1253 2841 οἵδ’
1291 2785 1483 2850 ἐξέπε-

380 2889 479 2922 σον
530 2866 591 2921 ἐκ
645 2866 774 2939 μιᾶς
831 2864 987 2921 νεώς.
1071 2862 1184 2920 Sed
1237 2862 1483 2939 suspicio

377 2941 537 3001 haud
588 2941 727 2999 levis
780 2950 973 3000 mente
1019 2941 1245 3012 insidet,
1296 2948 1483 2999 totum

378 3040 605 3080 versum
659 3020 964 3079 insititium
1024 3040 1161 3089 esse,
1219 3027 1277 3079 et
1319 3020 1485 3098 plene

379 3108 511 3179 post
553 3104 731 3176 τρίτος
777 3100 968 3158 locum
1009 3100 1336 3178 interpungi
1389 3098 1485 3157 de·

380 3180 531 3238 bere.
616 3178 749 3236 Vid.
781 3178 1049 3259 Append.

412 3308 415 3311 ,
461 3261 599 3318 319.
645 3258 717 3316 In
760 3257 890 3316 edd.
931 3257 1337 3316 recentioribus
1382 3257 1489 3314 mi-

380 3336 541 3395 nima
580 3336 959 3395 distinctionis
998 3344 1137 3395 nota
1174 3344 1307 3413 post
1349 3343 1489 3413 Χρυ-

386 3414 515 3475 cetis
534 3415 908 3473 interseritur.
968 3415 1079 3472 Sed
1106 3415 1217 3472 hoc
1244 3433 1363 3472 esse
1388 3434 1487 3472 no·

383 3514 518 3553 men
558 3493 768 3570 gentile
793 3512 922 3551 vere
954 3493 1178 3551 monuit
1206 3492 1487 3551 PauwiuS.

386 3576 692 3633 Μάτταλος
715 3570 849 3629 Ald.
896 3578 1203 3631 Μέταλλος
1240 3571 1388 3629 Rob.
1421 3570 1491 3629 C.

400 3700 407 3705 .
467 3656 606 3711 321.
650 3655 833 3725 πυρὰν
886 3651 1022 3709 Ald.
1071 3652 1219 3710 Rob.
1276 3652 1493 3729 πυρῤὰν

378 3732 569 3789 Turn.
616 3734 833 3804 πυρσὴν
861 3730 1098 3789 Porson.
1145 3730 1335 3789 Ceteri
1361 3750 1494 3788 cum

389 3809 675 3868 Turne-bo,
708 3808 821 3867 Sed
839 3810 951 3868 hoc
975 3810 1177 3869 veteris
1203 3808 1497 3868 Atticisrni

392 3889 520 3957 fuit,
550 3898 617 3946 ut
643 3894 824 3964 ἀρσὴν
845 3896 901 3946 et
924 3888 1145 3947 similia.
1231 3888 1493 3959 Photius‚

399 3972 784 4045 Πυρσοκόρσου
843 3974 1092 4026 λέοντος.
1209 3968 1497 4044 Αἰσχύλος

395 4050 603 4124 Κήρυξι
633 4047 915 4120 Σατύροις.
1000 4045 1091 4104 Cf.
1118 4046 1495 4124 Hesychium.

399 4131 681 4197 ζαπληθεῖ
706 4125 841 4184 Ald.
875 4124 1022 4184 Rob.

411 4224 425 4235 ·
474 4209 612 4264 322.
658 4205 751 4263 Sic
776 4204 1081 4263 Pol-sonus.
1153 4202 1342 4261 Ceteri
1374 4228 1502 4279 πορ-

398 4293 594 4363 φυρέᾳ.
680 4285 888 4342 Parum
907 4284 1160 4347 interest,
1178 4282 1348 4341 modo
1371 4307 1501 4358 πορ-

400 4371 574 4444 φυρέᾳ
601 4383 731 4422 cum
760 4360 1173 4441 synecphonesi
1197 4361 1257 4418 in
1283 4362 1503 4420 ultimis

441 4442 843 4502 renuntietur..
871 4441 1017 4499 Vide
1038 4460 1209 4517 supra
1228 4440 1302 4498 ad
1323 4462 1376 4499 v.
1404 4444 1498 4499 83.

399 4465 542 4582 ιΙζοει
568 4522 725 4580 hunc
752 4540 978 4580 versum
1007 4519 1196 4579 forsan
1223 4520 1393 4597 plena
1419 4519 1502 4578 di-

1992 1631 2225 1685 *sk*

1568 1906 1798 1968 stinctio
1825 1907 2074 1968 tollenda
2111 1911 2202 1980 sit,
2245 1920 2302 1971 et
2341 1913 2402 1971 in
2443 1934 2495 1973 v.
2527 1919 2667 1977 324.

1568 1995 1703 2064 post
1743 1993 1848 2062 γῆς
1908 1988 2352 2066 interponenda3
2409 1993 2673 2072 deinceps

1570 2074 1762 2147 autem
1814 2066 2136 2144 legendum,
2210 2074 2326 2130 ἐκεῖ
2379 2079 2672 2152 κατέφθιτο

1556 2147 1886 2222 ”Αμηστρις,
1933 2146 2301 2226 Ἀμφιστρεύς
2339 2177 2417 2219 τε,
2450 2174 2499 2210 κ.
2531 2178 2581 2210 τ.
2611 2158 2669 2212 λ.

1653 2228 1792 2283 323.
1836 2231 2034 2300 Μέγος
2075 2227 2211 2286 Ald.
2296 2237 2353 2288 et
2386 2230 2675 2310 Ἀῤῥαβος

1572 2323 1705 2362 cum
1728 2305 1962 2363 Barocc.
1989 2305 2395 2385 Rob.“'ApaOos
2418 2311 2674 2369 Brunck.

1574 2382 1807 2440 Schutz.
1931 2383 2079 2442 Dein
2155 2389 2445 2464 Ἀρσὰβης
2524 2390 2674 2450 Rob.

1573 2480 1780 2539 nempe
1819 2480 1926 2539 pro
1960 2466 2265 2540 3Αρσάμης,
2311 2469 2466 2547 quod
2503 2469 2678 2528 habet

1576 2541 1667 2599 M.
1707 2545 1758 2599 1.
1819 2539 2101 2619 Ἀρτάβης
2130 2547 2208 2606 Κ.
2241 2547 2312 2606 L.

1657 2621 1812 2679 Ibid.
1838 2621 1994 2682 Bene
2003 2624 2320 2685 Scholiasta
2335 2629 2676 2703 observavit,

1578 2705 1782 2775 Μᾶγος
1836 2704 2082 2773 ἐθνικόν,
2150 2706 2406 2782 ’Ἄραβος
2473 2709 2677 2785 κύριον.

1580 2780 1694 2837 Pro
1723 2782 1987 2856 Βάκτριος
2023 2789 2214 2841 autem
2240 2785 2369 2843 vide
2395 2806 2469 2843 an
2494 2787 2684 2862 legen-

1579 2858 1719 2916 dum
1749 2859 1822 2917 sit
1852 2859 2096 2919 Κάσπιος
2119 2863 2206 2919 vel
2228 2863 2472 2924 Βούδιος.
2543 2867 2686 2924 Bac-

1580 2936 1897 2996 trianorum
1934 2938 2052 2998 dux
2093 2940 2312 3001 dudum
2340 2956 2685 3005 memoratus

1579 3023 1704 3075 erat
1727 3016 1790 3074 in
1813 3038 1868 3077 v.
1897 3022 2035 3077 311.
2098 3020 2231 3079 vid.
2259 3023 2640 3083 Glossarium.'

1664 3098 1802 3155 324.
1848 3100 2056 3157 ἔποικος
2117 3099 2291 3161 MSS.
2336 3103 2569 3181 quidam
2616 3124 2687 3163 ex·

1583 3173 1940 3251 glossemate.

1666 3257 1806 3312 325.
1823 3258 2116 3331 ’Ἄμιστρις
2136 3259 2265 3317 edd.
2292 3262 2686 3322 anteBrunck.

1587 3338 1646 3389 et
1673 3332 1754 3390 sic
1780 3332 1855 3392 A.
1887 3336 1958 3393 B.
1990 3338 2224 3395 Barocc.
2257 3337 2345 3395 M.
2395 3344 2445 3397 1.
2502 3342 2689 3416 ’Ἄμη-

1590 3435 1738 3486 στρις
1763 3411 1914 3470 idem
1944 3422 2030 3471 est
2058 3415 2157 3491 qui
2181 3415 2240 3472 in
2268 3435 2323 3473 v.
2358 3420 2454 3475 21.
2485 3417 2696 3478 dicitur

1587 3494 1906 3567 Ἀμίστρης,
1933 3499 2002 3549 ut
2027 3492 2089 3549 in
2109 3491 2219 3550 hoo
2245 3492 2368 3552 Ioco
2398 3495 2468 3553 L.

1673 3571 1810 3628 326.
1856 3571 1928 3628 In
1955 3570 2220 3629 omnibus
2248 3570 2406 3632 libris
2444 3574 2527 3633 ita
2551 3576 2692 3653 legi-

1590 3654 1706 3715 tur,
1736 3654 1951 3730 Νωμιῖιν
1979 3651 2013 3709 ὅ
2040 3651 2084 3707 τ’
2111 3651 2311 3715 ἐσθλὸς
2335 3651 2698 3733 Ἀριόμαρδος

1593 3729 1835 3799 Σάρδεσι
1859 3736 2071 3790 Πένθος
2101 3736 2436 3810 παρασχών.
2506 3735 2699 3797 Verba

1594 3808 1889 3886 subjiciam
1920 3810 2158 3869 Porsoni
2183 3830 2252 3869 ex
2283 3812 2486 3890 Suppl.
2519 3814 2693 3875 Praef.

1594 3886 1667 3944 ad
1711 3887 1937 3946 Hecub.
1988 3909 2047 3966 p.
2097 3893 2196 3949 38.
2282 3891 2701 3954 “Ariomardus

1596 3983 1769 4041 supra
1785 3970 1861 4025 38
1884 3967 2213 4026 Thebarum
2229 3969 2534 4046 praefectus
2556 3980 2696 4031 erat.

1599 4043 1719 4102 Cur
1743 4044 1920 4122 igitur
1953 4045 2226 4106 Sardibus
2266 4047 2527 4106 luctuosa
2553 4059 2701 4109 esset

1598 4122 1944 4262 Ξέιῗοῗῖἓζῗῖ.
1957 4125 2196 4263 Ηὲἓὶιῖῗ
2213 4126 2433 4263 οξὶἶοῖἑ
2455 4128 2702 4230 ⁵⁸¹¹fi³¹¹⁵³

1945 4247 1962 4272 2
2180 4249 2197 4273 ς
2641 4234 2702 4272 αὖ

1602 4281 1832 4355 Σάρδεις
1859 4287 2025 4361 αὐτῷ.
2085 4283 2198 4341 Sed
2223 4230 2415 4360 potil‘is
2443 4232 2708 4349 egi‘giimo*

1601 4379 1827 4418 versum
1852 4381 2034 4420 unum
2060 4362 2151 4420 vel
2190 4362 2382 4440 plures
2407 4365 2699 4438 excidisse,

1603 4439 1704 4497 ubi
1715 4440 1978 4498 Sardium
2038 4441 2568 4511 raefectus,fortasse
2591 4447 2703 4508 Mi-

1605 4518 1896 4596 tragathes
1922 4540 1988 4581 ve
2030 4519 2264 4592 ArceuS,
2296 4524 2702 4587 nominaretur.
