3282 5193
1380 397 1788 472 ΠΕΡΣΑῙ.
2635 400 2740 472 65

432 601 608 676 ΧΟ.
650 594 699 696 ἦ
762 596 1023 678 πολλὰ
1084 602 1205 679 καὶ
1266 597 1607 702 παρόντα
1671 602 1792 678 καὶ
1827 595 2182 696 μέλλοντ’
2227 594 2332 678 ἔτι

657 720 939 825 ἤλγησ’
982 722 1311 808 ἀκούσας
1370 723 1841 826 βαρβάροισι
1902 724 2230 824 πήματα.

433 854 598 929 AT.
655 845 713 930 ὦ
775 855 1069 949 δαῖμον,
1132 847 1230 934 ὥς
1294 885 1388 949 με
1448 848 1677 930 πόλλ’
1719 850 2113 954 ἐσέρχεται
2173 849 2364 930 κακὰ
2568 863 2728 929 850

657 972 889 1077 ἄλγη,
952 974 1293 1073 μάλιστα
1354 977 1417 1055 δ’
1459 971 1592 1075 ἥδε
1655 975 2020 1081 συμφορὰ
2082 973 2360 1071 δάκνει,

657 1103 956 1200 ἀτιμίαν
1016 1137 1105 1201 γε
1142 1101 1426 1185 παιδὸς-
1468 1104 1664 1207 ἀμφὶ
1723 1101 2015 1198 σώματι

642 1226 1102 1326 ’ἐσθημάτων
1159 1224 1577 1323 κλύουσαν,
1636 1225 1688 1324 ἥ
1753 1261 1866 1305 νιν
1923 1226 2266 1330 ἀμπέχει.

656 1352 831 1432 ἀλλ’
876 1349 1045 1452 εἶμι,
1107 1356 1227 1431 καὶ
1286 1359 1646 1446 λαβοῦσα
1706 1349 1997 1451 κόσμον
2053 1354 2136 1430 ἐκ
2174 1346 2423 1449 δόμων
2556 1460 2560 1464 ¹

658 1478 1131 1584 ὑπαντιάζειν
1190 1478 1390 1558 παῖδ’
1451 1476 1631 1578 ἐμὸν
1689 1477 2168 1581 πειράσομαι.
2568 1470 2724 1557 855

658 1607 748 1685 οὐ
809 1605 955 1709 γὰρ
1013 1605 1107 1685 τὰ
1165 1605 1475 1712 φίλτατ’
1522 1608 1601 1685 ἐν
1661 1613 1914 1688 κακοῖς
1971 1605 2494 1709 προδώσομεν·

602 1737 775 1810 ΧΟ.
835 1729 893 1812 ὦ
950 1730 1209 1830 πόποι,
1268 1729 1315 1832 ἧ
1372 1729 1714 1833 μεγάλας
1754 1735 1937 1833 ἀγα·
1987 1778 2002 1791 ⁵
2307 1764 2478 1834 στρ.
2523 1729 2615 1810 α’.

768 1864 904 1943 θᾶς
962 1894 1043 1938 τε
1101 1855 1683 1955 πολισσονόμου
1720 1865 1882 1952 βιο-

994 1994 1125 2068 τᾶς
1183 1983 1733 2086 ἐπεκύρσαμεν,

996 2107 1143 2190 εὖθ’
1188 2113 1227 2188 ὁ
1288 2109 1583 2212 γεραιὸς
2573 2123 2729 2189 860

659 2236 1111 2340 πανταρκής,
1172 2235 1473 2333 ἀκάκας,
1536 2230 1821 2340 ἄμαχος
1857 2231 2228 2326 βασιλεὺς

994 2360 1290 2446 ἰσόθεος
1350 2371 1510 2441 Δα-

879 2496 1077 2590 ρεῖος
1126 2486 1313 2594 ἦρχε
1371 2489 1644 2593 χώρας.

435 2741 653 2799 habent
677 2743 942 2817 χρήματα
972 2738 1267 2811 Magister
1294 2746 1352 2795 et
1379 2739 1534 2797 Pha·
1630 2737 1693 2796 in
1731 2735 2039 2814 dactylicos
2070 2744 2489 2813 pentametrum
2531 2760 2598 2799 ac
2633 2741 2732 2799 tri-

436 2821 667 2877 vorinus
712 2838 762 2875 v.
808 2818 1019 2895 ὠφελω,
1072 2816 1420 2874 Scholiasta
1457 2820 1540 2874 ad
1632 2822 1882 2873 metrum
1910 2812 2338 2889 dispertiuntur.

434 2897 645 2971 Eurip.
680 2897 871 2955 Ore-st.
905 2896 1040 2953 680.
1122 2894 1431 2951 Triclinia&
1456 2896 1539 2953 ad
1713 2896 1852 2956 857.
1892 2894 2154 2967 μεγάλης
2181 2893 2316 2952 Ald.
2345 2896 2494 2954 Rob.
2523 2896 2705 2955 Turn.
2769 2954 2774 2961 ,

435 2976 697 3049 Sophocl.
742 2974 946 3048 Antiy.
990 2972 1126 3030 566.
1211 2972 1332 3029 Pro
1356 2974 1533 3047 sray-
1713 2972 1851 3030 858.
1893 2974 2273 3048 πολισονόμου
2298 2973 2436 3032 Ald.
2462 2974 2612 3033 Rob.

434 3061 620 3111 mento
646 3054 802 3111 incer
805 3061 865 3110 to
892 3053 1046 3127 cepit
1070 3050 1365 3108 Pauwiue.
1394 3054 1533 3130 χρή-
1714 3052 1852 3110 859.
1894 3052 2224 3152 ἀπεκῦρσαμ
2228 3076 2294 3110 εν
2321 3052 2409 3111 Μ.
2448 3058 2500 3111 1.
2532 3052 2725 3113 Guelf.

434 3135 564 3207 ματ’
630 3131 802 3189 etiam
868 3130 959 3187 Μ.
1025 3132 1076 3186 l.
1160 3133 1398 3195 πλοῦτος
1461 3149 1532 3187 ex
1714 3129 1852 3186 860.
1895 3126 1990 3189 εὖτ
1992 3128 2168 3188 ’.Ald
2200 3131 2560 3190 Rob.Tu1-n.
2633 3157 2730 3206 γε·

436 3208 722 3267 Scholiis'
706 3208 994 3285 irrepsisse
1013 3206 1258 3264 videtur.
1628 3230 1717 3279 pa
1705 3206 1782 3263 ὸς
1814 3207 2047 3265 Barocc.
2097 3208 2296 3286 Steph.
2337 3216 2411 3278 et,
2451 3210 2512 3267 ni
2542 3209 2724 3279 fallor,

516 3289 655 3346 850.
685 3292 875 3345 πολλὰ
892 3290 1209 3363 εἰσέρχεται
1225 3284 1362 3342 Ald.
1377 3283 1525 3343 Rob.
1630 3284 1884 3361 plerique
1927 3284 2102 3343 MSS.
2149 3288 2302 3344 unde
2344 3287 2609 3346 Pauwius
2652 3289 2729 3347 le-

435 3388 616 3424 κακωγ
670 3365 947 3435 Botheus‚
1000 3363 1159 3421 haud
1210 3362 1394 3419 male.
1452 3360 1527 3418 cf.
1629 3362 1880 3437 gendum
1946 3362 2188 3439 putabat
2244 3364 2306 3421 in
2371 3364 2732 3454 antistropha

515 3523 654 3580 853.
696 3519 944 3577 κλΰονσα
969 3516 1105 3575 Ald.

518 3600 655 3656 855.
700 3600 815 3688 ἐμῷ
840 3620 944 3653 παι
927 3595 1001 3652 ιδὶ
1025 3594 1160 3652 ΑΜ.
1185 3593 1335 3652 Rob.
1381 3592 1533 3650 παῖδ’

436 3678 553 3753 ὲμῳ
527 3682 554 3694 ”“
595 3674 785 3734 ceteri.
833 3673 984 3733 παιδ’
1026 3674 1166 3748 ἐμὸν
1208 3670 1531 3730 Lobeckius

436 3755 512 3811 ad
511 3701 811 3830 ῳ8οΡΒοο1.
845 3753 1008 3831 Ajac.
1044 3754 1181 3809 801.
1224 3750 1324 3828 qui
1359 3757 1532 3827 negat

434 3857 456 3889 ι
483 3831 545 3888 ἰιι
570 3832 684 3888 fine
712 3830 887 3889 dativi
914 3829 1213 3907 singularis
1240 3828 1395 3907 apud
1422 3828 1530 3885 At-

435 3909 578 3967 ticos
603 3928 857 3986 unquam
884 3908 1050 3976 elidi;
1081 3926 1327 3985 quocum
1354 3907 1530 3965 sentit

436 3986 741 4045 Elmsleius
776 3988 850 4046 ad
886 3985 1086 4062 Eurip.
1125 3984 1357 4043 Heracl.
1386 3986 1526 4044 693.

438 4064 1017 4123 Conf.Schaefe1-.ad
1039 4063 1173 4119 OEd.
1195 4062 1321 4121 Col.
1352 4064 1525 4121 1436.

436 4142 615 4219 Apud
641 4142 1001 4201 Herodotum
1032 4138 1332 4199 verbum'
1300 4164 1415 4197 υπα
1423 4166 1532 4198 vn-

438 4223 601 4289 ἁζειν
627 4241 759 4279 cum
781 4229 981 4299 quarto
1008 4237 1143 4276 casu
1164 4218 1527 4289 construitur,

435 4302 780 4370 υπηντίαζον
817 4305 919 4369 τὴν
958 4302 1199 4373 Δαρείου
1242 4300 1525 4373 στρατιήν.

438 4378 546 4436 IV.
583 4382 713 4436 121.
798 4378 947 4437 Dein
972 4377 1324 4453 πειράσωμιιι
1350 4376 1485 4433 Ald.

518 4459 655 4519 857.
688 4459 744 4514 8.
778 4462 835 4517 9.
879 4456 963 4514 Hi
987 4474 1183 4515 versus
1214 4474 1248 4512 a
1283 4453 1531 4512 Burneio

1629 3440 1801 3496 πάντ’
1849 3443 2097 3498 ευθυνων
2153 3438 2336 3517 (quod
2387 3440 2451 3497 in
2503 3447 2725 3501 textum

1628 3516 1833 3595 recepi,
1868 3536 2046 3595 quum
2075 3516 2138 3575 id
2167 3536 2317 3575 unus
2349 3517 2544 3576 Codex
2578 3539 2726 3597 prae-

1632 3593 1864 3672 beret.).
1906 3594 2056 3654 Edd.
2059 3594 2322 3733 reliqllffie
2350 3601 2599 3671 γηραιός.

1713 3675 1848 3732 861.
1893 3676 2187 3753 παντᾶχηε
2310 3676 2368 3733 Β.
2403 3677 2726 3751 παντᾶριιας

1632 3750 1824 3809 Guelf.
1907 3753 2096 3811 Ceteri
2148 3758 2484 3831 πανταρκὴε.
2580 3755 2726 3814 Mox

1628 3830 1833 3900 ἀκάκηε
1849 3830 1984 3890 Α1ᾶ.
2005 3831 2154 3890 Rob.
2174 3832 2356 3891 Turn.
2438 3832 2567 3891 Vox
2593 3853 2724 3891 con-

1628 3914 1719 3965 tra
1749 3902 2064 3986 analogiam
2078 3911 2427 4044 ffecm·(
2402 3911 2647 3988 (Exemp
2648 3911 2722 3980 la,

1627 4006 1759 4063 quae
1803 3988 2042 4065 protulit
2131 3988 2399 4047 obeckius
2434 3989 2508 4047 ad
2543 3932 2725 4079 Plfry-

1626 4063 1780 4122 nich.
1792 4085 1853 4141 p.
1865 4068 1994 4124 184.
2019 4066 2424 4157 adjectivorum
2441 4066 2725 4157 duplicem

1628 4143 2081 4202 terminationem
2151 4144 2506 4215 habentium,
2579 4143 2725 4204 alius

1625 4221 1846 4296 generis
1891 4221 2076 4297 sunt.)
2162 4221 2443 4280 Dicebant
2489 4226 2723 4293 ἄκακοες

1628 4294 1730 4355 sed
1754 4299 1866 4356 hoc
1891 4299 2230 4358 vocabulum
2260 4298 2584 4359 recentioris
2615 4304 2725 4361 oevi

1628 4375 1773 4434 fuit.
1796 4396 1976 4469 ‘quare
2003 4376 2398 4453 corrigendum
2425 4383 2614 4456 puto'
2588 4381 2727 4438 ard-

1624 4478 1756 4529 μαε,
1783 4456 2045 4514 invictus.
2091 4458 2312 4591 ἄΙςιαχος
2338 4475 2454 4515 om.
2473 4456 2665 4516 Guelf.
