3282 5193
650 407 799 478 136
1500 424 2006 479 oLossARmM

653 607 715 666 τὸ
742 609 913 684 πῶμα
942 606 1004 665 τὸ
1034 607 1319 683 λαμπρόν.
1405 605 1728 682 Εὗριπίδης.
1801 608 1989 665 Ὅπου
2024 604 2258 683 βότρυος
2293 607 2360 664 ἐν
2402 604 2546 664 δαιτὶ
2587 611 2870 682 γίγνεται,

655 699 847 774 γάνος.
892 697 1141 774 (Bacch.
1173 699 1341 770 261.)
1426 696 1698 756 Ceterum
1725 703 2016 757 auctorem
2042 696 2312 756 idoneum
2339 715 2456 756 non
2491 696 2667 757 habet
2700 697 2858 777 quod

653 790 829 849 tradit
856 788 931 848 ad
960 790 1022 847 h.
1052 788 1094 848 1.
1124 787 1549 866 grammaticum,
1578 792 1746 848 τόπος
1780 795 2048 848 Βοιωτίας
2088 793 2122 859 ἡ
2157 791 2377 865 Κρηνὴ.
2457 788 2858 848 Memorantm·

653 881 882 959 quidem
890 880 1041 940 inter
1054 879 1383 939 Thebarum
1398 888 1595 958 portas
1611 880 1784 939 etiam
1795 883 1854 940 αἶ
1875 887 2174 960 Κρηναῖαι,
2188 880 2268 940 sic
2287 899 2322 938 a
2339 879 2509 940 Dirce
2524 881 2855 941 nominatae.

733 1037 871 1097 490.
916 1008 1261 1112 ςΑσθμα.
1364 1034 1578 1094 Creber
1631 1037 1943 1095 anhelitus.
2043 1035 2246 1096 Galen.
2293 1056 2388 1115 ap.
2436 1037 2600 1097 Foes.
2648 1036 2854 1096 OEeon.

655 1121 938 1200 Hippocr.
982 1121 1043 1179 in
1083 1140 1139 1178 v.
1184 1117 1439 1199 Ἀσθμα.
1491 1125 1730 1183 καλοῦσι
1777 1123 1822 1182 δ’
1849 1122 2018 1182 οὕτως
2066 1125 2117 1184 οἶ
2160 1127 2446 1194 Ἕλληνες
2488 1128 2592 1194 τὴν
2638 1125 2856 1194 πυκνὴν

652 1220 969 1286 ἀναπνοήν,
989 1215 1084 1274 οἵα
1115 1213 1426 1293 συμβαίνει
1453 1224 1567 1277 τοῖς
1588 1217 1912 1296 δραμοῦσιν,
1936 1219 1972 1288 ἢ
1999 1220 2258 1277 ὁπωσοῦν
2287 1219 2484 1294 ἑτέρως
2511 1221 2591 1278 εἷς
2615 1217 2858 1296 σφοδρὰν

654 1315 873 1381 κίνησιν
913 1311 1284 1388 ἀφικόμενοις.
1370 1308 1612 1368 Homer.
1645 1309 1815 1368 Iliad.
1847 1315 1917 1369 Ο.
1961 1314 2097 1368 241.
2150 1313 2295 1388 ἆταρ
2335 1307 2529 1388 ἆσθμα
2569 1312 2659 1369 καὶ
2700 1309 2858 1387 ἱδρὼς

656 1401 907 1483 Habea-’5
964 1398 1192 1458 Pindar.
1226 1398 1397 1458 Nem.
1428 1400 1506 1460 X.
1542 1404 1674 1462 139.
1733 1407 1826 1461 καί
1863 1426 1963 1480 μιν
2002 1399 2154 1460 οὔπω
2195 1401 2463 1471 τεθναότ’,
2507 1403 2758 1479 ἄσθματι
2797 1401 2859 1461 δὲ

655 1496 949 1570 Φρίσσοντ’
986 1495 1278 1550 ἀναπνοὰς
1308 1497 1495 1570 κίχεν.
1580 1492 1714 1550 Hoc
1756 1499 1844 1552 est
1884 1491 2041 1571 quod
2079 1493 2219 1552 dicit
2260 1493 2471 1553 Noster
2509 1492 2572 1551 in
2610 1493 2855 1553 Eumen.

658 1587 795 1643 242.
854 1586 1099 1641 Πολλοῖς
1129 1581 1189 1640 δὲ
1215 1583 1451 1662 μόχθοις
1476 1583 1819 1662 ἀνδροκμῆσι
1845 1587 2019 1663 φυσιᾷ
2043 1589 2420 1664 Σπλάγχνον.
2473 1583 2676 1662 Eurip.
2696 1583 2859 1643 Med.

642 1677 835 1734 -1116.
877 1679 1101 1750 πνεῦμα
1141 1679 1535 1751 ἠρεθισμένον.
1617 1675 1854 1753 Proprie
1885 1681 2078 1734 autem
2113 1675 2380 1734 anhelare
2405 1674 2674 1734 dicuntur
2707 1675 2860 1754 fugi-

655 1775 836 1826 entes,
923 1766 1132 1824 Horat.
1164 1765 1408 1824 Sublimi
1430 1768 1636 1843 ficyies
1661 1768 1847 1824 mollis
1872 1769 2154 1826 anhelitu.
2197 1768 2354 1846 quod
2392 1767 2592 1826 Graece
2617 1774 2861 1826 vertere-

656 1868 754 1918 tur
780 1854 983 1933 πνεῦμ’
1012 1860 1164 1935 ἔχων
1190 1856 1329 1915 ἄνω.
1414 1856 1550 1916 Vid.
1580 1857 1787 1917 Cleric.
1817 1858 1892 1916 ad
1918 1858 2224 1918 Menandr.
2253 1879 2313 1937 p.
2353 1861 2445 1916 10.
2531 1858 2769 1917 Salmas.
2789 1857 2861 1918 de
2949 1918 2960 1924 ,

658 1952 835 2010 Usur.
864 1971 924 2028 p.
957 1951 1095 2008 566.
1179 1947 1425 2008 Babrius
1452 1969 1546 2027 ap.
1580 1947 1744 2007 Suid.
1774 1967 1832 2007 v.
1851 1945 2262 2028 Ἀσθμα-οἷα
2291 1975 2372 2010 τις
2403 1951 2583 2029 νούσῳ
2612 1953 2863 2028 Κάμνων

657 2041 929 2118 ἑβέβλητ’
955 2046 1053 2101 οὐκ
1078 2041 1287 2112 ἀληθὲς
1320 2044 1675 2120 ἀσθμαίνων.
1760 2040 2001 2100 Anthol.
2025 2043 2076 2101 I.
2103 2045 2196 2112 27,
2228 2047 2320 2102 12.
2351 2046 2685 2123 παρθενικῷ,
2714 2049 2864 2119 θρα·

660 2135 929 2209 σΰβουλε,
959 2136 1327 2210 σαγηνευθεὶς
1360 2134 1458 2194 ὑπ’
1491 2137 1653 2212 ἔρωτι
1694 2133 2080 2212 Ἀσθμαίνεις,
2106 2134 2298 2216 δελφὶς
2332 2140 2403 2194 ὥς
2442 2160 2522 2195 τις
2551 2136 2640 2194 ἐπ’
2672 2139 2865 2206 aima·

660 2234 780 2297 λοῦ,
812 2229 1065 2305 Κύματος
1095 2227 1343 2306 ἱμείρων.

643 2436 649 2440 .
739 2379 877 2435 493.
921 2347 1209 2455 Ἀρδαλ
1294 2373 1430 2434 Vid.
1457 2372 1607 2433 infra
1634 2376 1773 2432 811.

740 2533 878 2590 494.
934 2508 1225 2616 Ἀχαΐς.
1312 2529 1405 2589 Sc.
1435 2527 1741 2587 Phthiotis
1762 2551 1780 2584 .·
1826 2525 1980 2606 quod
2006 2526 2231 2587 monuit
2259 2526 2580 2588 Schutzius.

742 2686 881 2744 495.
938 2658 1624 2763 ‘ono'viavt'soptah
1709 2680 1970 2738 Penuria
1998 2681 2216 2739 labore.
2302 2680 2566 2761 Choeph.
2593 2685 2732 2747 575.
2761 2692 2867 2746 Φο-

669 2796 763 2831 νου
792 2772 837 2830 δ’
863 2769 1080 2846 Ἐρινῦς
1106 2775 1217 2849 οὔχ
1255 2772 1745 2846 ὑπεσπανισμένη.
1831 2766 2010 2844 Soph.
2041 2766 2138 2847 Aj.
2174 2770 2308 2831 740.
2352 2775 2424 2827 Τί
2451 2770 2496 2829 δ’
2523 2773 2641 2830 ἔστι
2667 2779 2869 2851 χρείας

664 2864 817 2935 τῆσδ’
849 2866 1395 2942 ὕπεσπανισμένον;
1440 2860 1589 2919 Haec
1630 2859 1771 2918 citat
1810 2858 2091 2919 Abresch.
2178 2858 2394 2919 Eodem
2427 2880 2596 2920 sensu
2634 2865 2870 2942 ponitur

664 2954 906 3032 simplex
930 2954 1167 3013 verbum
1192 2952 1344 3011 infra
1377 2954 1549 3011 1024.
1593 2950 1966 3029 ἐσπανίσμεθ’
1993 2954 2250 3027 ἀρωγῶν.
2337 2952 2606 3011 Ceterum
2634 2953 2706 3011 de
2733 2954 2869 3014 Per·

666 3045 768 3104 sici
794 3045 1072 3103 exercitus
1098 3044 1248 3103 fame
1276 3043 1538 3103 consulas
1566 3042 1849 3101 Herodot.
1879 3042 2057 3100 VIII.
2094 3045 2228 3101 115.

750 3201 893 3259 500.
953 3173 1241 3280 Δόναξ.
1328 3198 1590 3255 Arunda.
1677 3194 1908 3269 Βόλβης
1965 3199 2155 3254 ἕλειον
2210 3196 2420 3256 δόνακα
2473 3217 2590 3276 pro·
2635 3199 2874 3275 Βόλβην

671 3292 861 3347 ἕλειον
903 3289 993 3345 καὶ
1034 3283 1375 3344 δονακώδεα.
1460 3282 1627 3341 Falso
1667 3282 1844 3341 tradit
1878 3282 2198 3349 Scholiasta
2243 3284 2464 3343 Bolben
2506 3285 2775 3364 paludem
2809 3287 2876 3347 in

667 3377 912 3439 Thracia
937 3375 1236 3446 exstitisse,
1268 3395 1447 3454 quum
1474 3380 1622 3434 esset
1649 3374 1710 3433 in
1738 3374 2096 3433 Macedonia.
2152 3374 2287 3434 Vid.
2309 3375 2615 3454 Spanhem.
2637 3377 2711 3436 ad
2737 3378 2870 3438 cal-

664 3472 791 3532 lim.
824 3470 953 3529 Del.
991 3472 1123 3527 134.
1208 3468 1481 3527 Ceterum
1508 3464 1670 3524 fluvii
1704 3472 1763 3524 et
1804 3465 2042 3545 paludes
2069 3466 2380 3544 saepissime
2405 3477 2681 3528 vocantur
2707 3470 2871 3532 δονα-

672 3563 879 3628 κῶδεις,
910 3562 1289 3639 δονακορόφοι,
1318 3558 1718 3635 δονακοχλόαι.
1804 3557 2045 3616 Homer.
2079 3557 2246 3616 Iliad.
2280 3559 2436 3623 576(
2461 3566 2586 3635 Πὰρ
2617 3563 2876 3642 ποταμὸν

669 3654 999 3721 κελάδοντα,
1042 3655 1169 3730 περὶ
1206 3650 1449 3729 ῥοδανὸν
1490 3650 1754 3721 δονακῆα.
1840 3649 1934 3707 Cf.
1975 3648 2175 3728 Eurip.
2217 3649 2352 3728 Iph.
2395 3650 2469 3709 A.
2517 3654 2649 3716 179.
2734 3653 2872 3732 Iph.

542 3765 545 3766 ’
666 3744 738 3805 Τ.
768 3748 909 3805 400.

751 3891 890 3948 503.
945 3860 1247 3966 Ἀγνός.
1331 3883 1547 3941 Purus.
1633 3880 1953 3959 Epitheton
1987 3901 2348 3962 nequaquam
2381 3890 2468 3942 est
2508 3883 2773 3956 otiosum,
2803 3886 2882 3946 si-

672 3975 903 4055 quidem
958 3974 1167 4041 Persoe,
1215 3969 1517 4029 Herodoto
1563 3974 1730 4037 teste,
1781 3968 1986 4027 fluvios
2033 3969 2452 4048 religiosissime
2494 3971 2773 4043 colebant,
2819 3982 2882 4033 et

672 4074 951 4148 quantum
977 4062 1101 4123 fieri
1126 4068 1337 4142 posset,
1367 4079 1543 4139 puros
1572 4060 2000 4119 conservabant.
2085 4060 2217 4121 Vid.
2251 4061 2534 4122 Herodot.
2559 4063 2613 4121 I.
2642 4067 2774 4123 138.

751 4224 889 4281 5⁰4·
949 4193 1279 4298 Νομίζω·
1362 4215 1668 4273 Eoeffltere
1694 4217 1882 4283 credo·
1965 4214 2219 4273 Verbum
2246 4214 2308 4273 in
2334 4215 2444 4274 hac
2470 4235 2532 4274 re
2557 4216 2880 4295 proprium,

674 4309 790 4378 Qui
826 4308 980 4366 Deos
1007 4325 1127 4364 esse
1156 4303 1438 4371 credebat,
1472 4300 1741 4359 absolute
1769 4300 2066 4360 dicebatur
2097 4307 2351 4379 νομίζειν
2379 4304 2559 4371 θεοὺς,
2588 4304 2678 4361 vel
2717 4310 2886 4380 §pyet-

672 4405 822 4459 σθαι.
904 4397 1105 4473 Eurip.
1137 4395 1341 4473 fragm.
1380 4398 1433 4452 1.
1463 4397 1680 4451 Τοῦτον
1715 4396 1910 4470 νόμιζε
1941 4399 2113 4463 Ζῆνα,
2144 4394 2288 4453 τόνδ’
2317 4397 2461 4470 ἡγοῦ
2489 4398 2643 4454 θεόν.
2716 4396 2888 4457 Plato

671 4489 918 4569 Apolog.
950 4487 1167 4546 Socrat.
1202 4490 1258 4545 2.
1302 4486 1353 4545 οἱ
1392 4491 1503 4562 γὰρ
1546 4486 1846 4544 ἀκούοντες
1883 4488 2164 4559 ἡγοῦνται
2201 4486 2324 4545 τούς
2355 4488 2534 4547 ταῦτα
2579 4492 2886 4560 ζητοῦντας
