3282 5193
482 416 502 436 ’
607 428 792 501 xxvi
1532 446 1971 504 ruffina-10.

607 621 1010 723 AEschylus
1041 623 1238 699 forte
1265 623 1706 722 hujusmodi
1734 647 2043 700 versum
2076 623 2405 700 dederat.

1013 793 1332 884 Χρῶνται
1369 787 1426 860 δ’
1463 787 1891 876 ὖποξῦλοισιν
1926 789 2426 888 ἆργυρηλᾶτοια

1008 915 1255 1006 κέρασι,
1285 917 1510 1009 χρυσᾶ
1540 915 1782 996 στόμια
1821 911 2506 1007 περιβεβλημένοις*.

609 1071 1029 1171 Epitheton
1063 1073 1558 1171 ἀργυρηλάτοις
1591 1072 1878 1171 optime
1928 1075 2283 1172 congruit
2332 1100 2511 1151 cum
2561 1075 2680 1165 iis,
2737 1100 2909 1173 quae

609 1198 704 1272 de
734 1221 916 1272 voce
948 1199 1283 1285 ὑπόξυλος
1313 1197 1551 1271 tradit
1592 1197 2098 1295 Phrynichus.
2232 1198 2596 1272 Dubitari
2645 1202 2909 1273 autem

607 1322 859 1419 potest
892 1343 992 1393 an
1043 1343 1178 1418 per
1231 1326 1486 1415 κέρατα
1541 1319 1626 1394 in
1678 1321 1823 1395 hoc
1875 1320 2043 1395 loco
2093 1344 2400 1406 cornua,
2446 1321 2750 1421 proprie
2801 1322 2910 1396 sic

610 1444 836 1530 dicta,
862 1442 1191 1540 intelligi
1224 1443 1621 1526 debeant†.
1699 1444 2103 1542 AEschylus
2137 1445 2221 1518 in
2246 1445 2673 1520 Perrhaebis
2706 1445 2909 1519 infra

607 1593 682 1667 p.
720 1571 894 1642 499.
929 1567 1026 1640 A.
1065 1567 1158 1640 de
1189 1565 1484 1653 iisdem,
1519 1567 1612 1640 ut
1645 1565 1971 1656 videtur,
2007 1567 2301 1665 poculis
2334 1569 2705 1666 loquitur,

927 1809 938 1823 .
1007 1737 1160 1804 Ποῦ
1188 1764 1299 1824 μοι
1334 1734 1419 1802 τὰ
1457 1733 1685 1802 πολλὰ
1721 1731 1903 1826 δῶρα
1940 1732 2315 1827 κᾶκροθῖνια
2344 1758 2368 1821 ;

1009 1859 1138 1927 ποῦ’
1169 1854 1643 1953 χρυσότευκτα
1679 1855 1984 1952 κάργυρᾶ
2016 1858 2483 1952 σκυφώματα;

469 2065 480 2074 -
605 2020 712 2092 Et
734 2018 900 2115 jam
934 2017 1141 2104 satie,
1175 2019 1269 2091 ut
1303 2016 1591 2115 opinor,
1631 2017 1724 2090 de
1771 2017 2214 2115 hujusmodi
2262 2016 2614 2092 minutiis
2649 2019 2905 2119 dispu-

603 2145 862 2216 tatum
927 2143 1065 2215 est.
1169 2142 1486 2237 Nequeo
1551 2143 1815 2214 tamen
1880 2144 2060 2215 ante
2111 2164 2430 2214 manum
2486 2141 2578 2216 de
2641 2143 2909 2218 tabula

603 2267 894 2354 tollere,
949 2288 1184 2364 quam
1234 2286 1479 2363 pauca
1533 2263 1888 2361 quaedam
1940 2264 2034 2338 de
2088 2264 2441 2351 dictione,
2499 2288 2652 2361 qua
2705 2266 2904 2344 hanc

602 2391 946 2465 fabulam
1000 2388 1300 2464 ornavit
1352 2390 1600 2487 poeta,
1658 2388 2081 2486 adjecerim.
2185 2389 2329 2461 Est
2382 2390 2666 2477 autem,
2706 2389 2903 2463 sicut

602 2519 687 2591 in
721 2518 987 2593 ceteris
1022 2515 1362 2615 AEschyli
1392 2515 1711 2604 fabulie,¹
1738 2515 2154 2613 splendida,
2192 2517 2269 2588 et
2309 2516 2395 2588 in
2446 2515 2905 2614 quibusdam

602 2643 789 2716 locis
823 2642 1058 2715 etiam
1092 2640 1871 2737 κομποφακελορῥῆμων,
1892 2640 2089 2713 mira
2107 2639 2516 2713 verborum
2533 2642 2904 2716 Variessate

603 2766 986 2853 distincta,
1025 2788 1353 2863 quorum
1384 2764 1595 2837 haud
1625 2786 1869 2861 pauca
1915 2787 2055 2862 pro
2104 2789 2188 2838 re
2239 2767 2425 2838 nata
2470 2766 2632 2862 ipse
2681 2767 2907 2862 poeta

600 2890 971 2988 procudit.
1099 2888 1246 2962 Sed
1309 2886 1629 2961 minime
1694 2886 1776 2961 id
1843 2888 2293 2961 Hermanno
2341 2888 2903 2963 concedendum

600 3015 814 3111 pute,
845 3012 1192 3085 Graecam
1227 3033 1529 3107 quoque
1562 3009 2005 3095 orationem,
2033 3010 2167 3081 ubi
2200 3009 2282 3081 id
2315 3012 2707 3085 commode
2738 3011 2905 3085 fleri

599 3134 959 3233 potuerit,
983 3134 1080 3206 ad
1100 3132 1534 3229 exemplum
1553 3130 1870 3205 orientis
1888 3130 2332 3227 linguarum
2352 3133 2905 3207 conformatam

599 3257 882 3331 fuisse:
957 3264 1005 3297 “
1027 3256 1245 3353 cujus
1313 3254 1684 3352 generiS,’'
1742 3253 1999 3351 inquit
2051 3252 2196 3326 Vir
2247 3253 2597 3341 eximim,
2660 3262 2707 3295 “
2731 3256 2904 3330 duae

599 3380 1084 3480 potissimum
1139 3381 1406 3455 formae
1462 3379 1840 3453 notabiles
1896 3378 2121 3451 sunt:
2192 3400 2373 3463 una,
2413 3400 2564 3474 qua
2620 3400 2903 3451 nomen

600 3507 858 3580 addito
891 3505 1231 3601 ejusdem
1277 3503 1611 3578 nominis
1665 3501 2005 3600 genitivo
2053 3500 2448 3575 fortiorem
2491 3501 2903 3598 quamdam

602 3627 1232 3722 significationem
1264 3626 1539 3719 accipit
1567 3652 1587 3710 3
1645 3624 2071 3719 cujusmodi
2102 3627 2286 3698 sunt
2319 3627 2615 3698 δεσπόται
2654 3627 2901 3697 δεσπό-

602 3784 751 3836 του,
785 3751 862 3821 et
897 3751 1105 3819 πιστὰ
1157 3750 1461 3818 moa-651³:
1520 3746 1785 3830 astera,
1825 3768 1997 3840 quae
2048 3745 2165 3818 est
2213 3745 2299 3817 in
2346 3771 2496 3820 Usu
2545 3744 2901 3845 adjectivi

682 3972 717 4010 ’⁸‘
761 3970 916 4030 Olim
958 3969 1224 4028 dederam
1266 3970 1357 4026 καὶ
1401 3972 1612 4044 κέρασι.
1700 3966 1812 4024 Sed
1846 3966 1915 4024 de
1956 3966 2273 4044 quantitate
2307 3970 2643 4046 penultimae
2672 3974 2900 4045 κέρατος

597 4067 828 4128 omnino
881 4063 1159 4124 videndus
1200 4060 1416 4121 amicus
1457 4059 1875 4119 eruditissimus
1917 4060 2198 4120 Maltbius
2236 4062 2299 4120 in
2338 4063 2632 4123 Thesauro
2676 4064 2899 4123 Graecae

599 4163 858 4222 PoeseoS.
941 4158 1182 4217 Mallem
1208 4164 1402 4215 tamen
1430 4159 1645 4231 κερᾶσι.

676 4261 718 4333 †
759 4257 954 4316 Caesar
973 4255 1045 4314 B.
1071 4254 1148 4313 G.
1168 4252 1279 4311 VI.
1304 4253 1401 4311 28.
1425 4249 1498 4309 de
1519 4250 1628 4309 Uri
1655 4250 1941 4310 cornibus.
2024 4252 2175 4309 Hoec
2193 4255 2453 4312 studiose
2480 4256 2799 4331 conquisita
2827 4257 2899 4314 ab

599 4352 781 4409 labris
820 4358 1060 4425 argento
1099 4348 1568 4417 circumcludunt,
1600 4353 1775 4423 atque
1812 4348 1874 4404 in
1914 4346 2278 4422 amplissimis
2312 4350 2499 4423 epulis
2526 4368 2639 4425 pro
2671 4352 2899 4426 poculis

595 4452 862 4503 utuntur.
