3282 5193
1344 435 1780 511 rnAErArIo.
2608 413 2715 490 vii

516 609 715 683 Ἀλλ’
751 608 804 685 ὦ
839 618 1109 708 πρῶτος
1138 619 1272 687 τῶν
1306 613 1655 698 Ἑλλῆνων
1687 619 2044 714 πυργώσας
2075 616 2344 713 ῥῆματα
2381 619 2607 708 σεμνά,

520 733 643 806 Καὶ
680 739 1013 825 κοσμήσας
1048 757 1437 814 ΤΡΑΓῙΚΟΝ
1478 758 1769 815 ΛΗΡΟΝ.

414 901 587 975 quae
610 881 929 958 minime
952 885 1333 962 intellexit
1362 889 1804 965 Scholiasta.
1899 890 2004 963 Et
2041 889 2146 964 sic
2177 887 2471 964 Auctor
2504 888 2712 963 Vitae

413 1003 599 1099 ejus,
661 1005 746 1078 in
803 1008 1133 1084 editione
1192 1011 1669 1100 Robortelli3
1746 1001 2016 1107 πρῶτος
2067 1013 2414 1112 Αἶσχΰλοο
2475 1017 2711 1086 πάθεσι

416 1135 906 1226 γεννικωτὲροισ
972 1137 1100 1216 τὴν
1162 1138 1546 1234 τραγῳδίαν
1616 1137 1972 1224 ἐτι-ηὔξησε.
2111 1135 2506 1210 Himerius
2575 1136 2706 1210 Or.

413 1249 815 1326 XXXIII.
852 1260 924 1328 4.
980 1258 1197 1352 ειῗρεῖν
1235 1264 1353 1352 μὲν
1402 1261 1752 1358 Αἷσχῦλον
1798 1262 1902 1333 ἔτι
1949 1265 2092 1333 νέον
2134 1259 2558 1356 ὅντα-ἅρτι
2587 1265 2710 1345 τῆν

414 1376 667 1457 ποίησιν
716 1381 893 1468 ὑψοῦ
944 1382 1241 1478 χαμόθεν
1292 1381 1671 1479 ἐγείροντα,
1721 1382 1798 1455 ἵν’
1851 1384 1928 1455 ἐκ
1977 1385 2311 1478 μετεώρου
2361 1389 2511 1460 τοῖς
2562 1384 2708 1454 Occi-

412 1531 557 1574 ταις
607 1501 1022 1599 διαλέγοιτο,
1075 1502 1224 1578 niSi
1268 1505 1414 1580 hoc
1456 1506 1556 1579 Sit
1607 1505 1700 1579 de
1738 1506 2058 1605 pulpitis
2097 1506 2704 1606 intelligendum.

413 1625 813 1722 AEschylus
880 1629 1142 1701 autem
1219 1629 1578 1727 primum,
1661 1632 1752 1703 ut
1819 1630 2144 1720 videtur,
2220 1654 2360 1729 pro
2433 1653 2712 1706 corona

411 1749 731 1825 certavit
782 1749 900 1823 Ol.
955 1751 1202 1827 LXX.
1260 1755 1381 1828 L*
1485 1754 1852 1852 Ejusdem
1908 1754 2438 1828 tetraeteridos
2505 1777 2708 1828 anno

412 1877 709 1972 quartO,
757 1878 848 1948 ut
887 1900 1025 1974 par
1066 1878 1183 1951 est
1229 1878 1617 1975 conjicere,
1657 1878 2139 1976 Phrynichus
2177 1881 2498 1961 Μιλήτου
2528 1878 2706 1951 ἅλω-

410 2033 509 2072 σιν
563 1998 844 2088 docuit,
909 2025 1140 2098 quam
1194 2003 1711 2077 calamitatem
1765 2004 1986 2075 tanto
2040 2025 2218 2076 cum
2263 2001 2584 2077 artificio
2617 2001 2706 2074 il-

406 2123 787 2211 lustravit,
839 2128 932 2198 ut
980 2127 1381 2202 universus
1435 2125 1702 2225 populi
1755 2149 2149 2200 consessus
2189 2125 2276 2199 in
2326 2126 2702 2224 lacrymas

410 2246 693 2321 effusus
731 2247 873 2337 sit3
928 2254 1153 2348 poeta
1197 2276 1375 2328 vero
1418 2252 1633 2324 mille
1681 2251 2064 2325 drachmis
2104 2250 2524 2324 mulctatus
2565 2253 2707 2339 est,

405 2371 884 2470 vetitumque
922 2399 1022 2449 ne
1068 2375 1237 2472 quis
1281 2377 1365 2486 in
1405 2378 1800 2474 posterum
1846 2374 2218 2472 ejusmodi
2259 2376 2712 2472 argumenta
2829 2471 2836 2478 .

407 2497 773 2571 tractaret
788 2501 856 2582 †.
963 2500 1185 2591 Quod
1246 2501 1310 2574 si
1368 2524 1638 2576 verum
1700 2499 1800 2572 sit
1864 2498 2101 2586 istud,
2164 2523 2260 2573 ex
2318 2498 2708 2599 deperdito

408 2624 717 2696 auctore
757 2647 803 2696 a
851 2625 1084 2699 Suida
1122 2626 1519 2714 traditum,
1556 2624 1908 2700 videlicet
1950 2624 2479 2724 Phrynichum
2517 2648 2708 2724 prae-

392 2745 654 2831 ,mium
697 2748 1088 2846 tragoediae
1131 2754 1555 2848 reportasse
1600 2750 1720 2823 Ol.
1759 2750 2096 2823 LXVII.
2136 2753 2207 2823 1.
2248 2774 2385 2848 per
2428 2751 2709 2846 tragoe-

408 2870 615 2945 diam
662 2896 821 2946 non
870 2874 1016 2949 erit
1064 2869 1652 2974 intelligendum
1706 2896 1936 2972 grave
1983 2873 2194 2947 istud
2243 2896 2332 2947 ac
2385 2872 2708 2946 sublime

405 3019 713 3093 poeseos
748 3008 1009 3095 genus,
1049 2998 1251 3096 quod
1286 3022 1526 3096 quum
1559 2997 1854 3095 primus
1879 2998 2282 3096 AEschylus
2305 2996 2706 3071 introdux-

405 3118 612 3208 isset,
640 3122 813 3219 jure
847 3147 1026 3197 eum
1057 3123 1589 3211 AthenienseS,
1628 3122 1848 3219 quasi
1882 3127 2142 3218 πατέρα
2175 3126 2298 3205 τῆς
2331 3122 2708 3219 τραγῳδίας

328 3259 332 3263 “
408 3244 785 3342 suspicere
836 3247 1201 3335 solebant,
1248 3249 1341 3319 ut
1392 3246 1502 3320 ait
1548 3246 2061 3320 Philostratus
2104 3245 2190 3319 in
2237 3245 2426 3319 Vita
2469 3243 2706 3343 Apol-

406 3369 595 3443 lonii
626 3354 788 3441 VI.¹
810 3373 880 3443 6.
947 3370 1080 3466 qui
1129 3370 1415 3444 ibidem
1473 3369 1751 3442 diserte
1809 3368 2211 3441 confirmat
2262 3367 2709 3465 AEschylum

404 3493 743 3591 primum
776 3493 1155 3584 exstitisse
1191 3493 1326 3589 qui
1360 3516 1579 3565 suam
1616 3491 2015 3589 tragoediae
2051 3490 2505 3587 dignitatem
2538 3488 2702 3564 vin-

406 3617 712 3692 dicaret.
818 3618 1053 3690 Porro
1090 3616 1154 3690 si
1185 3614 1373 3689 fides
1399 3615 1890 3705 Philostrat0‚
1925 3639 2152 3690 nemo
2186 3617 2365 3690 ante
2392 3616 2701 3713 AEschy-

404 3741 570 3815 lum
591 3743 921 3835 μονωὸιῶν
944 3739 1465 3840 prolixitatem
1495 3739 1844 3829 resecuit,
1873 3743 2011 3815 aut
2044 3739 2508 3814 histrionum
2541 3739 2697 3813 dia-

401 3866 615 3965 logos
647 3866 965 3955 invexit,
1004 3865 1230 3963 quod,
1265 3866 1358 3938 ut
1392 3864 1605 3952 solet,
1640 3863 1976 3939 breviter
2009 3864 2368 3962 exprimit
2401 3862 2698 3938 Aristo-

280 4018 289 4027 ·
400 3990 633 4064 telest
688 3994 775 4064 τό
819 4025 898 4064 τε
940 3996 1077 4063 τῶν
1122 3993 1496 4085 ὑποκριτῶν
1546 3992 1796 4071 πλῆθος
1843 3988 1924 4078 ἐξ
1972 3990 2114 4065 ἑνὸς
2161 3988 2252 4065 εἷς
2280 3990 2397 4061 διἰο
2433 3993 2702 4082 *arpesia-oc

418 4354 421 4357 ,
486 4303 521 4341 *
568 4302 789 4372 suida,
818 4301 880 4361 in
904 4322 962 4360 v.
994 4304 1297 4381 Αἰσχύλος,
1328 4320 1396 4360 ex
1425 4300 1802 4379 plurimorum
1831 4301 2156 4359 criticorum
2183 4295 2548 4371 correctione.

481 4402 524 4474 †
566 4398 846 4458 Herodot.
878 4398 985 4456 VI.
1020 4402 1116 4457 21.
1201 4397 1393 4456 Bentl.
1426 4396 1666 4456 Dissert.
1698 4416 1760 4473 p.
1793 4396 1931 4453 256.
