3282 5193
635 425 783 495 106
1000 463 1009 468 -
1486 438 1989 494 GnossAan

633 621 837 698 θΰμως.
870 619 957 697 (1.
986 615 1341 696 πραοθίιμως)
1372 622 1535 696 πραῷ
1560 620 1635 696 τῷ
1661 623 1825 693 μένει
1854 623 2165 695 χρωμένος.
2219 635 2222 640 ·
2247 615 2457 694 Agam-
2485 620 2624 676 841.
2663 621 2834 699 1652.

638 712 861 790 Saepius
886 712 1044 790 apud
1072 709 1407 788 Euripidem
1435 710 1705 769 occurrit.

716 853 853 910 226.
915 824 1299 935 Εὖφρόνη.
1383 850 1535 908 Nox.
1619 848 1959 925 Vid.supra
1986 850 2120 906 185.

718 1002 853 1059 228.
913 976 1276 1079 Μαυρόω.
1361 1000 1686 1057 Evanidum
1727 1000 1926 1056 reddo.
2007 997 2143 1056 vid.
2181 997 2370 1057 Gloss.
2409 999 2483 1056 ad
2520 998 2705 1058 Theb,
2735 1003 2836 1064 47.

637 1086 875 1146 Hesiod.
906 1088 1078 1164 ''Ep-y.
1125 1091 1262 1146 323.
1340 1085 1499 1146 Ῥεῖά
1550 1111 1611 1146 τε
1661 1112 1764 1164 μιν
1803 1091 2079 1163 μαυροῦσι
2124 1090 2264 1145 θεοί.
2349 1085 2554 1144 Pollux
2589 1086 2664 1145 V.
2703 1091 2834 1147 150.

636 1180 1558 1258 γράμματα-ἆμαυρά,’ἐξιτηλά.
1643 1178 1810 1236 Idem
1838 1177 1954 1235 sere
1981 1177 2170 1235 valent
2207 1179 2452 1254 ἀμαυρός
2481 1187 2540 1237 et
2575 1180 2834 1257 ιἰμυδρός.

633 1270 766 1329 Vid.
793 1271 955 1329 FoeS.
978 1271 1277 1329 OEconom.
1297 1271 1358 1330 in
1384 1288 1541 1328 voce.
1624 1268 1991 1348 Etymologia
2027 1288 2177 1339 vem,
2209 1269 2281 1327 de
2317 1289 2431 1348 qua
2461 1289 2533 1328 ne
2561 1291 2663 1348 per
2689 1290 2838 1329 som·
2887 1307 2894 1312 -

631 1361 793 1420 nium
838 1361 1067 1440 quidem
1110 1360 1482 1439 grammatici,
1527 1360 1656 1418 hoec
1698 1369 1818 1419 est:
1875 1365 2032 1438 ἀμᾷν
2076 1369 2162 1420 est
2205 1381 2373 1419 manu
2414 1363 2622 1420 radere
2662 1361 2839 1439 (puta

634 1452 900 1530 arenam)
929 1461 989 1512 et
1016 1455 1337 1529 adoequare,
1369 1452 1442 1511 ab
1470 1451 1810 1529 &pa—hinc
1850 1453 2109 1530 ἀμαυρὸν
2145 1460 2231 1511 est
2267 1454 2540 1529 quicquid
2563 1473 2686 1510 cum
2720 1456 2838 1511 eolo

630 1549 917 1622 (equatur.
1000 1545 1090 1603 Ex
1117 1545 1313 1603 eadem
1341 1543 1557 1602 familia
1583 1551 1720 1602 sunt
1751 1547 1983 1622 ἄμαθος,
2015 1564 2210 1612 arena,
2243 1551 2300 1602 et
2333 1546 2622 1620 ἁμαθῦνω,
2653 1547 2838 1602 evani-

632 1639 768 1695 dum
806 1639 1001 1705 redde,
1048 1656 1153 1694 ceu
1194 1635 1385 1694 literas
1427 1634 1489 1694 in
1532 1654 1702 1693 arena
1747 1634 2007 1714 scriptas,
2053 1636 2192 1693 item
2241 1637 2468 1714 ἁμαλόν
2499 1638 2737 1712 planus,
2780 1643 2837 1694 et

634 1728 941 1806 ἇμαλδῦνω
957 1729 1203 1803 planum
1228 1729 1425 1796 reddo,
1449 1725 1639 1784 omnia
1666 1726 1859 1785 forsan
1886 1747 2016 1785 cum
2045 1726 2251 1804 spiritu
2277 1747 2477 1805 aspero
2505 1727 2818 1786 scribenda.

718 1885 852 1942 229.
911 1854 1414 1957 Θυμόμαντις.
1504 1880 1622 1946 Qui
1648 1881 2019 1949 vaticinatur,
2041 1887 2323 1956 quatenus
2349 1882 2417 1939 id
2426 1883 2750 1956 prudentia
2779 1891 2839 1940 et

617 1970 845 2045 judicio
856 1969 1001 2045 fieri
1014 1974 1236 2042 potest.
1293 1969 1323 2024 ὁ
1352 1967 1445 2026 διὰ
1470 1971 1567 2027 τοῦ
1597 1971 2046 2042 συλλογίζεσθαι
2075 1971 2475 2044 προγινώσκων
2503 1969 2566 2027 τὸ
2591 1974 2833 2047 μέλλον.

635 2059 808 2117 Phot.
855 2063 1092 2119 συνετῶς
1118 2065 1367 2136 προορῶν
1393 2064 1460 2118 τὰ
1492 2057 1932 2136 ἀποβησόμενα.
1977 2058 2237 2136 Hesych.
2289 2059 2524 2137 Optime
2553 2057 2743 2117 Schol.
2773 2064 2837 2117 οὐ

634 2151 797 2227 φΰσει
829 2152 1025 2228 μάντις
1064 2151 1163 2220 dv,
1194 2155 1325 2210 ἀλλ’
1354 2151 1469 2209 ἀπὸ
1511 2155 1792 2229 λογισμοῦ
1833 2155 2051 2226 κρίνων.
2136 2150 2348 2228 Odyss.
2381 2159 2451 2209 A.
2485 2153 2619 2209 220.
2662 2149 2838 2227 αὖταρ

635 2248 737 2300 νῦν
779 2266 864 2301 τοι
904 2245 1021 2318 ἐγὼ
1060 2243 1467 2320 μαντεύσομαι,
1511 2249 1582 2302 ὡς
1626 2245 1714 2300 ἐνὶ
1758 2246 1913 2321 θυμῷ
1943 2242 2247 2302 Ἀθάνατοι
2289 2240 2596 2316 βάλλουσι,
2638 2246 2726 2301 καὶ
2767 2249 2838 2302 ὡς

632 2338 933 2394 τελέεσθαι
986 2337 1147 2403 ὄΡίω,
1205 2333 1355 2394 Οὔτέ
1423 2359 1476 2395 τι
1526 2337 1726 2414 μάντις
1782 2337 1911 2403 ἐών,
1968 2333 2081 2392 οὔτ’
2133 2337 2346 2392 οἰωνῶν
2403 2337 2554 2410 σάφα
2612 2337 2835 2406 Ρείδῶς.

634 2427 903 2505 Sophocl.
936 2427 1072 2485 OEd.
1101 2427 1172 2486 Τ.
1202 2428 1342 2489 397.
1428 2426 1676 2505 OEdipus
1704 2425 1775 2484 de
1804 2424 2076 2503 Sphingis
2105 2425 2426 2504 aenigmate,
2459 2429 2682 2486 ἔπαυσά
2728 2453 2836 2498 νιν,

635 2521 842 2604 Γνώμη
897 2523 1151 2596 κυρήσας,
1208 2523 1272 2578 οὒ
1326 2518 1371 2578 δ’
1412 2518 1505 2576 ἀπ’
1546 2523 1762 2580 οἰωνῶν
1810 2518 2032 2595 μαθών.
2115 2517 2348 2574 Nemini
2389 2537 2506 2576 non
2549 2527 2840 2578 succurret

634 2611 1029 2690 Euripideum,
1074 2612 1297 2670 Μάντις
1339 2611 1382 2669 δ’
1424 2614 1665 2687 ἄριστος,
1710 2610 1861 2669 ὅστις
1906 2610 2118 2679 εἰκάζει
2159 2613 2358 2679 καλῶς,
2391 2610 2471 2669 sic
2505 2630 2538 2669 a
2565 2612 2836 2670 Cicerone

636 2701 707 2759 de
728 2700 861 2759 Div.
884 2702 971 2760 II.
993 2704 1048 2759 5.
1068 2720 1420 2771 conversum,
1441 2703 1599 2759 Bene
1620 2703 1718 2777 qui
1735 2701 2000 2777 conjiciet
2016 2708 2202 2758 vatem
2207 2701 2522 2775 perhibebo
2543 2704 2835 2777 optimum.

634 2791 916 2872 Apposite
957 2794 1246 2852 Theocrit.
1290 2794 1462 2851 XXI.
1507 2796 1605 2852 32.
1663 2812 1699 2851 a
1743 2792 2027 2870 Scaligero
2076 2790 2428 2862 emendatus,
2448 2792 2555 2852 Ὃς
2601 2800 2710 2871 γὰρ
2759 2796 2836 2853 ἂν

637 2888 825 2971 εἶκάξῃ
880 2885 1018 2944 κατὰ
1066 2886 1165 2945 τὸν
1224 2889 1372 2955 νόον,
1430 2882 1580 2944 οὗτος
1635 2887 1856 2962 ἄριστος
1896 2887 2104 2942 Ἔστιν
2160 2884 2546 2961 ὀνειροκρίτας.
2630 2885 2831 2964 Emip.
2945 2912 2950 2917 ·

638 2977 845 3036 Helen.
883 2980 1019 3041 763.
1069 2979 1277 3057 Γνώμη
1311 2978 1356 3036 δ’
1384 2982 1583 3056 ἀρίστη
1624 2979 1844 3056 μάντις,
1885 2982 1921 3048 ἥ
1959 2977 2003 3035 τ’
2032 2975 2328 3051 εὔβουλία.
2434 2977 2610 3036 Hunc
2647 2978 2837 3037 locum

634 3066 882 3125 illustrat
910 3068 1188 3127 Moschus
1216 3069 1323 3127 IV.
1361 3073 1493 3128 122.
1536 3075 1700 3138 Τοῖα,
1731 3074 1885 3146 φίλη,
1917 3092 2010 3143 μοι
2051 3068 2243 3145 ὄνειρα
2287 3066 2378 3125 διὰ
2419 3074 2623 3155 φρένας
2657 3073 2839 3128 ἐπτοί-

638 3181 787 3227 ησαν
831 3163 1150 3241 Παννυχίῃ·
1208 3158 1281 3216 ra*
1332 3158 1392 3215 δὲ
1438 3160 1625 3217 πάντα
1684 3164 1819 3235 πρὸς
1869 3162 2166 3235 Εὐρυσθῆα
2210 3164 2464 3237 τρέποιτο
2519 3160 2693 3218 Οἰ’κου
2747 3159 2839 3236 ἀφ’

636 3253 945 3327 ἡμετέροιο·
1002 3256 1227 3324 γένοιτο
1268 3250 1329 3308 δὲ
1363 3252 1564 3329 μάντις
1602 3253 1797 3330 ἐκείνῳ
1834 3254 2021 3328 Θυμός
2058 3252 2207 3329 ἐμός,
2238 3250 2362 3327 μηδ’
2391 3254 2536 3309 ἄλλο
2573 3274 2839 3325 παρεκτε-

636 3347 827 3401 λέσειέ
872 3367 923 3401 τι
966 3341 1197 3421 δαίμων.
1284 3342 1553 3401 Ceterum
1591 3362 1662 3400 ex
1697 3343 1790 3401 his
1830 3342 1987 3412 lociS,
2028 3349 2086 3400 et
2128 3342 2394 3419 Sophocl.
2428 3342 2562 3399 OEd.
2592 3342 2662 3400 T.
2698 3344 2834 3406 708.

636 3434 771 3493 satis
797 3434 978 3512 liquet
1004 3454 1269 3513 quaenam
1296 3434 1469 3492 fuerit
1496 3434 1842 3512 tragicorum
1870 3434 1941 3493 de
1968 3433 2311 3493 divinatione
2339 3433 2636 3494 sententia.

718 3578 854 3634 230.
915 3555 1191 3657 Κρίνω.
1284 3575 1570 3651 Gonjecto.

720 3726 855 3780 231.
917 3698 1219 3800 Κριτής.
1310 3723 1629 3799 Gonjector.
1689 3742 1768 3781 sc.
1801 3725 2187 3800 ὀνειροκρίτης.
2274 3722 2540 3800 Choeph.
2567 3726 2666 3781 35.
2711 3729 2840 3799 Κρί-

638 3834 731 3868 ται
768 3808 1092 3886 ὀνειράτων.
1136 3828 1143 3835 ·
1177 3807 1338 3865 Infra
1380 3811 1517 3867 526.
1578 3808 1765 3887 Ὑμεῖς
1807 3809 1869 3868 δὲ
1907 3813 2129 3887 φαΰλως
2171 3814 2323 3868 ταῦτ’
2365 3813 2519 3884 ἄγαν
2561 3812 2836 3885 ἐκρίνατε.

637 3900 839 3979 Eurip.
864 3899 1090 3959 Hecub.
1114 3901 1212 3960 89.
1244 3904 1315 3957 ὥς
1342 3925 1436 3975 μοι
1466 3906 1725 3976 κρίνωσιν
1751 3902 2016 3976 ὀνείρους.
2088 3901 2223 3959 Vid.
2244 3900 2630 3978 Theophrasti
2649 3901 2838 3961 locum

638 4010 811 4069 supra
831 3990 1067 4049 citatum
1089 3989 1162 4048 ad
1181 4011 1239 4049 v.
1261 3993 1399 4053 207.
1440 3994 1831 4068 ὀνειρόμαντις
1861 3992 2123 4069 Choeph.
2147 3995 2243 4050 35.
2325 3991 2490 4050 Idem
2511 4012 2577 4050 ac
2597 3994 2840 4069 τεράτων

637 4085 726 4141 καὶ
767 4085 1046 4142 ἐνυπνίων
1087 4086 1356 4157 ἐξηγητὴς
1397 4082 1553 4160 apud
1588 4082 1836 4142 Pausan.
1859 4083 1933 4141 V.
1953 4087 2171 4161 p.438.
2216 4092 2273 4142 et
2308 4084 2658 4159 ὁνειροπόλος
2685 4080 2842 4159 apud

639 4173 920 4233 Herodot.
952 4174 1003 4233 Ι.
1031 4177 1161 4237 107.
1187 4173 1261 4231 V.
1287 4174 1385 4231 56.
1472 4173 1773 4233 Habemus
1799 4174 2151 4233 Artemidori
2176 4174 2624 4253 Ὀνειροκριτικὰ.

719 4320 855 4376 232.
918 4291 1215 4396 Κυρόω.
1301 4316 1722 4390 Ratumfacio.
1806 4315 1940 4374 vid.
1984 4306 2236 4375 Glossiar.
2280 4313 2355 4372 ad
2398 4312 2694 4371 Prometh.
2742 4314 2837 4376 70.

637 4402 838 4481 Eurip.
886 4402 1099 4461 Electr.
1138 4404 1309 4462 1069.
1367 4406 1461 4472 τῆς
1506 4402 1783 4476 θυγατρὸς
1823 4408 1954 4478 πρὶν
1999 4405 2336 4479 κεκυρῶσθαι
2379 4402 2623 4478 σφαγάς.
2706 4400 2838 4459 Vid.

637 4493 786 4551 infra
816 4496 949 4556 527.
