3282 5193
607 365 654 435 2
1468 366 2010 442 ΑΙΣΧΥΛΟΥ

934 565 1218 676 ᾤχωκε·
1323 572 1490 652 νέον
1547 573 1609 652 δ’
1655 566 1895 674 ἄνδρα
1949 568 2239 674 βαΰζει.

935 694 1153 776 κοῦτε
1211 733 1323 783 τις
1379 695 1735 803 ἅγγελος,
1795 695 1969 780 οὔτε
2025 734 2134 781 τις
2194 697 2460 784 ἱππεὺς

1053 819 1251 905 ἄστυ
1307 825 1394 907 τὸ
1455 832 1783 930 Περσῶν
1838 829 2286 930 ἀφικνεῖται·
2806 844 2892 906 15

941 950 1090 1029 οἵτε
1148 951 1234 1033 τὸ
1294 951 1634 1050 Σούσων,
1693 952 1807 1054 ἠδ’
1848 951 2372 1056 Ἀγβατάνων,

946 1082 1067 1158 καὶ
1123 1079 1208 1160 τὸ
1267 1081 1599 1162 παλαιὸν
1659 1082 1997 1159 Κίσσιον
2057 1073 2268 1181 ἕρκος

1252 1205 1273 1235 t
1499 1204 1534 1235 ν
1828 1211 1847 1235 ε
1972 1204 1994 1233 x
2118 1209 2137 1234 ι
2199 1206 2217 1231 τ
2262 1208 2295 1239 0

939 1219 1441 1310 προλιποντες
1499 1216 1716 1304 εβαν,
1778 1241 1848 1285 οι
1904 1239 2042 1304 μεν
2100 1213 2197 1313 εφ
2262 1241 2535 1304 ιππων,

944 1339 1015 1412 οἱ
1076 1335 1137 1413 δ’
1181 1339 1303 1415 ἐπὶ
1364 1343 1584 1432 ναῶν,
1645 1331 1864 1435 πεζοί
1920 1367 2000 1411 τε
2056 1332 2330 1434 βάδην,

1052 1459 1394 1561 πολέμου
1453 1467 1731 1567 στῖφος
1787 1455 2273 1563 παρέχοντες.

2796 1479 2898 1542 20

944 1581 1097 1667 οἷος
1152 1584 1595 1687 Ἀμίστρης,
1655 1581 1767 1683 ἠδ’
1808 1579 2353 1687 Ἀρταφρένης,

945 1713 1066 1790 καὶ
1125 1709 1625 1814 Μεγαβάτης,
1686 1706 1801 1811 ἠδ’
1842 1707 2320 1810 Ἀστάσπης,

1279 1843 1498 1942 ταγοὶ
1556 1844 1909 1942 Περσῶν,

695 2034 786 2090 13.
848 2035 1055 2114 οἴχωκε
1109 2035 1260 2096 Rob-
1317 2042 1511 2116 ὥχωκε
1563 2035 1703 2094 Ald.

605 2109 835 2187 ᾧχωκεν
869 2117 966 2172 ἑὸν
996 2135 1051 2174 v.
1089 2119 1141 2173 1.
1175 2115 1238 2173 in
1271 2115 1465 2175 Schol.
1495 2115 1705 2174 Valck-

606 2206 791 2249 enaer.
822 2192 896 2251 ad
921 2192 1123 2272 Eurip.
1156 2189 1438 2254 Phoeniss.
1468 2215 1528 2273 p.
1560 2198 1701 2252 414.

605 2268 852 2347 conjicit,
884 2273 1078 2352 ᾤχωκε
1107 2279 1254 2332 νέον·
1308 2278 1504 2350 Περσὶς
1533 2273 1577 2332 δ’
1606 2274 1704 2332 ἑὸν

603 2348 780 2424 ἄνδρα
795 2349 1019 2426 βαΰζει,
1044 2353 1262 2413 collatis
1280 2374 1373 2412 vv.
1398 2355 1536 2412 256.
1561 2355 1700 2416 517.

603 2427 741 2486 554.
756 2434 892 2492 919.
937 2433 1150 2491 Merito
1167 2431 1427 2492 dissentit
1443 2432 1704 2490 Brunck-

599 2503 708 2574 ius,
745 2518 1051 2589 monetque
1082 2512 1156 2570 ad
1182 2511 1386 2586 βαΰζει
1422 2510 1705 2589 pertinere

600 2585 1015 2649 nominativum
1049 2590 1236 2660 Ἀσία,
1277 2610 1348 2648 ex
1385 2589 1450 2646 ’A
1459 2612 1705 2663 σιητιγε-

606 2670 701 2735 νὴς
729 2667 1122 2745 repetendum.
1207 2669 1320 2729 Sed
1339 2668 1542 2727 melius
1570 2688 1703 2725 eum

604 2744 835 2805 Pauwio
875 2747 993 2806 hue
1039 2748 1247 2809 referas
1289 2745 1704 2805 nominativum

603 2827 790 2900 θυμός,
830 2826 1062 2887 vocibus
1097 2834 1256 2887 πᾶσα
1289 2832 1402 2904 γὰρ
1436 2831 1475 2886 ἔ.
1511 2830 1598 2885 Ἀ.
1635 2827 1701 2906 ᾧ.

601 2904 992 2982 parenthetiee
1019 2907 1242 2966 sumtis·

691 2984 782 3039 14.
811 2981 909 3039 An
926 2984 1233 3059 legendum
1256 2982 1541 3059 dyyapos‘?
1568 3002 1707 3041 mox

601 3064 678 3139 τῷ
698 3063 927 3137 Περσῶν
945 3061 1106 3120 Med.
1127 3061 1702 3123 Cf.Herodot.V111.

689 3220 782 3278 16.
806 3218 869 3278 τό
879 3222 1022 3279 ἄστυ
1040 3219 1565 3281 ΣούσωνΒιοῐ).ΜοΧ
1582 3220 1706 3279 vul-

601 3320 676 3394 go
707 3298 1092 3373 Ἐκβατάνων,
1129 3300 1231 3359 sed
1260 3308 1411 3359 recte
1444 3300 1705 3359 Brunck-

601 3399 692 3439 lus
717 3378 1120 3455 Ἀγβατάνων,
1157 3400 1328 3461 quam
1361 3380 1703 3458 scripturam

602 3460 903 3519 Herodoto
943 3459 1155 3539 passim
1194 3460 1444 3520 restituit
1482 3460 1706 3519 Wesse-

602 3538 831 3614 lingius,
872 3558 1043 3615 quem
1073 3538 1204 3597 vide
1237 3539 1298 3597 in
1330 3560 1390 3617 p.
1424 3542 1520 3599 60.
1605 3540 1701 3599 cf.

601 3615 754 3673 infra
779 3619 890 3673 541
903 3656 919 3673 .
950 3619 1088 3675 953.
1169 3616 1371 3674 Altera
1403 3617 1701 3692 scriptura,

606 3712 739 3770 quse
764 3691 878 3749 fuit
904 3692 1013 3750 sevi
1039 3691 1383 3760 recentioris,
1413 3701 1564 3750 reete
1592 3711 1706 3751 ser-

601 3777 772 3828 vatur
786 3769 847 3827 in
862 3768 1161 3847 Aristoph.
1172 3768 1426 3829 Acharn.
1448 3772 1545 3828 64.
1566 3772 1704 3828 612.

607 3855 666 3906 et
708 3847 962 3906 Platonis
1001 3847 1201 3925 Epigr.
1241 3848 1306 3906 in
1343 3846 1604 3906 Analect.
1651 3848 1704 3906 Ῑ.

606 3946 668 4005 p.
701 3927 832 3989 173.
875 3926 1157 3985 Nonnulli
1181 3926 1353 3985 etiam
1372 3926 1707 3998 Ἀκβάτανα

609 4005 948 4073 scribebant,
991 4004 1041 4065 si
1074 4011 1226 4063 recte
1263 4005 1425 4083 capio
1465 4006 1709 4064 Herodi-

607 4083 704 4144 ani
727 4084 919 4143 locum
949 4083 1107 4162 apud
1134 4082 1334 4162 Steph.
1371 4084 1612 4162 Byzant.
1648 4084 1711 4142 in

609 4182 767 4223 voce.

697 4246 790 4305 17.
835 4246 916 4302 εἷς
944 4260 1052 4320 pro
1083 4244 1175 4303 καὶ
1202 4240 1352 4302 Rob.
1436 4246 1711 4302 Κίσσινον

610 4338 824 4379 omnes.
909 4322 1113 4383 Strabo
1146 4322 1312 4381 XIV.
1353 4343 1414 4401 p.
1457 4324 1592 4385 728.
1629 4322 1707 4382 A.

611 4416 647 4456 a
687 4398 938 4458 Stanleio
976 4401 1288 4471 excitatum
1339 4408 1610 4477 λέγονται
1650 4402 1713 4461 δὲ

615 4480 705 4535 καὶ
735 4482 960 4537 Κίσσιοι
991 4480 1043 4537 οἱ
1077 4481 1318 4540 Σούσιοι.
1361 4484 1496 4561 φησὶ
1529 4481 1592 4541 δὲ
1617 4486 1710 4541 καὶ

1802 2030 2093 2109 Αὶσχῦλος
2160 2035 2263 2102 τὴν
2329 2041 2544 2110 μητέρα
2607 2041 2902 2111 Μέμνονος

1805 2116 2070 2170 Κισσίαν.
2122 2111 2453 2172 Herodotus
2468 2114 2576 2172 VI.
2600 2117 2736 2173 236.
2768 2122 2901 2174 Κισ-

1805 2197 1926 2261 σίης
1953 2193 2137 2267 χώρης
2158 2191 2439 2250 meminit.
2485 2193 2742 2271 Hesych.
2767 2200 2901 2253 Κίσ-

1804 2295 1935 2330 σιοι.
1958 2272 2114 2329 ἔθνος
2134 2275 2389 2346 Περσῶν.
2434 2271 2655 2340 SuidaS,
2670 2279 2900 2333 Κισσία.

1802 2354 1987 2430 χώρα.
2032 2349 2569 2409 Herodot.VII.62.
2599 2357 2902 2412 Κίσσιοι-

1801 2430 2329 2566 μὲἶρηφὲροιιηέἶαν.
2413 2427 2547 2487 Vid.
2585 2429 2736 2490 infra
2768 2436 2899 2492 125.

1898 2526 2005 2584 oep
2054 2548 2068 2562 .
2224 2547 2237 2562 .

1890 2588 1983 2645 18.
2026 2580 2250 2641 Ultima
2282 2581 2345 2641 in
2380 2583 2530 2659 ἔβαν
2568 2585 2755 2649 brevis
2792 2598 2899 2650 est.

1806 2664 2021 2723 Forsan
2046 2660 2353 2739 legendum
2380 2668 2461 2745 τοὶ
2487 2667 2755 2742 μὲν-τοὶ
2782 2670 2845 2728 δ’.

1892 2748 1982 2804 19.
2016 2740 2109 2799 Sic
2119 2741 2436 2803 Simonides
2452 2744 2763 2807 inAnthol.
2778 2749 2898 2807 111.

1803 2842 1861 2881 V.
1896 2824 1992 2882 26.
2036 2823 2345 2901 Αἶχμηταί,
2374 2828 2538 2893 πεζοί
2563 2850 2626 2883 τε
2654 2831 2745 2886 καὶ
2771 2833 2903 2887 ὠκυ-

1806 2906 1991 2979 πόρων
2019 2904 2114 2959 eni
2137 2906 2305 2970 νηῶν.
2351 2903 2779 2964 Herodot.VII.
2801 2911 2899 2965 21.

1804 2983 1857 3043 οἱ
1895 2984 2005 3059 μὲν
2042 2984 2153 3057 ’γὰρ
2186 2986 2712 3063 νέαε·παρει’χοντο,
2751 2987 2803 3044 οἱ
2843 2986 2905 3045 δὲ

1807 3064 1862 3119 ἐς
1889 3056 2067 3131 πεζὸν
2095 3061 2425 3140 ἐτετάχατο.

1887 3143 1985 3199 20.
2023 3143 2255 3218 πολέμῳ
2271 3160 2327 3198 v.
2354 3144 2407 3199 1.
2425 3139 2483 3199 in
2505 3141 2695 3202 Schol.
2718 3150 2904 3223 στίφοε

1804 3217 1942 3278 Ald.
1974 3217 2123 3277 Rob.
2152 3219 2333 3278 Turn.

1884 3302 1983 3357 21.
2026 3300 2373 3380 Ἀμνῆστρης
2413 3298 2550 3359 Ald.
2595 3300 2906 3375 Ἀμήστρης

1806 3377 1957 3437 Rob.
2014 3377 2349 3455 'Aperiat-pm
2377 3379 2612 3437 Bar000.
2643 3380 2809 3439 Colb.
2848 3386 2900 3439 1.

1808 3465 1847 3491 “
1862 3457 2220 3535 Ἀμίστρης,”
2240 3457 2321 3517 ait
2336 3456 2679 3527 Brunekius,
2707 3459 2903 3517 “idem

1805 3557 1925 3597 esse
1992 3538 2235 3605 videtur,
2306 3536 2406 3615 qui
2463 3536 2613 3598 infra
2670 3546 2906 3597 vocatur

1788 3618 2119 3693 Ἄμηστρις.
2201 3613 2471 3673 Virorum
2502 3616 2751 3688 nomina,
2790 3636 2904 3676 me-

1806 3700 1897 3751 tro
1922 3690 2262 3756 refractaria,
2287 3690 2349 3747 in
2368 3692 2625 3752 ordinem
2653 3697 2906 3773 cogenda

1806 3777 1984 3838 erant,
2002 3775 2071 3826 ut
2085 3765 2273 3824 versui
2288 3768 2471 3843 aptari
2490 3780 2744 3846 possent.
2790 3773 2906 3839 Qui

1806 3848 1979 3925 vulgo
2010 3848 2403 3922 Ἀρταφέρνης,
2445 3848 2803 3925 transpositis
2838 3850 2905 3907 li-

1806 3926 1942 3985 teris
1967 3930 2341 4002 Ἀρταφρένηε
2369 3924 2481 3985 dici
2507 3925 2768 3987 debuit-'⁹

1888 4010 1986 4065 22.
2037 4002 2384 4079 Μεταβάτηε
2426 4003 2562 4063 Ald.
2609 4005 2771 4066 Med.
2817 4007 2902 4066 Η.

1810 4084 2115 4145 Lambeth.
2160 4084 2519 4159 Μεγαβάτης
2541 4083 2707 4143 Colb.
2734 4089 2787 4144 1.
2806 4086 2905 4144 Vi-

1806 4164 1924 4222 teb.
2024 4164 2214 4223 Ceteri
2268 4162 2652 4238 Μεγαβάζης.
2744 4164 2907 4224 Inter

1808 4242 2164 4303 nauticarum
2187 4242 2479 4321 copiarum
2499 4241 2801 4321 praefectos
2820 4263 2907 4302 re-

1808 4330 2068 4381 censetur
2093 4322 2446 4397 Μεγάβαζοε
2466 4325 2495 4381 ὁ
2516 4322 2903 4397 Μεγαβατέω,

1810 4401 2091 4460 Herodot.
2141 4402 2284 4461 VII.
2336 4404 2433 4464 97.
2492 4401 2647 4481 quod
2690 4402 2907 4463 notavit

1811 4479 2113 4540 Stanleius.
2195 4480 2328 4539 Vid.
2358 4480 2507 4541 infra
2536 4483 2671 4545 976.
