3282 5193
579 424 711 498 xiv
1513 435 1949 490 ruffin-Ario.

577 621 842 696 Soluto
883 640 1152 692 verum
1202 639 1384 705 esse,
1423 639 1470 688 a
1518 615 1822 688 nemine
1872 612 2122 687 adhuc
2173 609 2660 685 observatum
2710 613 2828 684 est
2862 637 2879 682 ε

578 742 709 817 sed
759 743 839 817 id
892 751 1152 840 aperte
1206 740 1537 814 declarat
1593 737 2007 835 Procopius
2064 735 2156 810 de
2211 735 2401 812 Bell.
2456 735 2683 808 Goth.
2732 736 2876 809 IV.

578 892 652 966 p.
693 868 862 946 579.
920 867 1016 939 Α.
1069 866 1251 938 ἄλλα
1295 865 1404 952 ,καὶ
1441 863 1476 936 ὃ
1514 864 2039 962 τραγῳδιοποιὸς
2071 860 2417 959 Αἷσχΰλοα
2450 861 2519 932 ἐν
2549 866 2652 955 τῷ
2691 868 2883 957 Προ-

577 998 770 1084 μηθεῖ
803 995 1135 1084 Λυομένῳ,
1169 990 1355 1066 εὐθὺς
1400 988 1773 1086 ἐρχόμενος
1808 991 1928 1065 τῆς
1964 985 2369 1082 τραγῳδίας,
2408 984 2529 1056 τὸν
2576 988 2882 1076 ποταμὸν

582 1124 793 1192 Φᾶσιν
851 1121 1140 1212 τέρμονα
1199 1119 1400 1186 καλεῖ
1452 1119 1573 1211 ’γῆς
1628 1145 1709 1182 τε
1765 1116 1887 1192 τῆο
1936 1107 2163 1184 Ἀσίας
2213 1108 2315 1181 καὶ
2368 1117 2490 1193 τῆς
2536 1113 2879 1208 Εὗρῷπησ.

579 1247 876 1340 Nempe
935 1241 1043 1315 sic
1095 1239 1551 1335 loquebatur
1608 1236 1907 1310 Chorus
1958 1258 2000 1306 c
2048 1234 2448 1307 Titanibus
2500 1236 2880 1319 constans„

580 1368 796 1465 cujus
829 1366 1060 1442 verba
1095 1361 1585 1440 conservavit·
1605 1359 1911 1433 Arrian.
1951 1359 2230 1456 Peripl.
2268 1383 2339 1456 p.
2380 1362 2501 1432 12.
2558 1361 2619 1431 οἱ
2674 1362 2883 1430 Τιτᾶ-

578 1527 677 1571 νες
707 1493 870 1588 πρὸς
904 1491 1026 1562 τὸν
1054 1490 1412 1584 Προμηθέα
1451 1490 1939 1582 καταλέγουσιν
1974 1483 2132 1565 ὅσην
2167 1489 2395 1581 χὼραν
2425 1485 2735 1567 ἐπῆλθον·
2788 1481 2883 1574 τῇ

576 1622 694 1706 μὲν
755 1615 1012 1703 δίδυμον
1073 1610 1317 1708 χθονόο
1381 1609 1701 1704 Εὖρῶπηο
1754 1613 1968 1706 μέγαν
2036 1613 2129 1702 τῇ
2189 1607 2243 1678 δ’
2300 1607 2527 1684 Ἀσίας
2590 1610 2879 1702 τέρμονα

492 1775 498 1787 ,
579 1742 816 1810 Φᾶσιν.
919 1735 1084 1834 Ope
1117 1732 1455 1830 excerpti
1489 1731 1942 1829 Procopiani
1974 1732 2230 1806 locum
2265 1730 2371 1807 sic
2404 1730 2768 1818 restituo;

977 1911 1109 1988 Τῆο
1160 1910 1280 1998 μὲν
1331 1905 1596 1995 διδῦμου
1652 1905 1916 2002 χθονός,
1974 1907 2295 1999 Εὖρὼπηα

984 2034 1320 2128 Μεγάλης
1371 2029 1434 2101 τ’
1473 2027 1699 2105 Ἀσίας
1753 2033 2065 2124 τέρμονα,
2124 2034 2360 2101 Φᾶσιν.

579 2203 702 2276 Ex
735 2201 998 2278 eodem
1030 2202 1344 2300 prologo
1397 2200 1840 2274 desumtum
1878 2203 1995 2274 est
2035 2200 2334 2298 insigne
2366 2196 2888 2298 fragmentum

584 2329 790 2429 apud
826 2329 1074 2404 Strab.
1116 2329 1182 2401 I.
1221 2351 1294 2426 p.
1335 2330 1455 2402 33.

681 2454 913 2528 Ratio
948 2456 1234 2540 autem,
1285 2475 1421 2527 cur
1463 2450 1897 2524 tetrametri
1940 2450 2307 2526 trochaici
2338 2450 2423 2523 in
2457 2450 2707 2524 Persis
2740 2451 2885 2524 fre-

584 2578 1018 2677 quentiores
1068 2577 1648 2662 interserantur,
1693 2574 1903 2648 haud
1956 2575 2284 2651 absurda
2332 2577 2547 2652 reddi
2602 2577 2881 2674 posset,

578 2701 909 2777 imitatio
942 2700 1338 2798 tragoediae
1372 2697 1896 2795 Phrynicheae,
1937 2698 2001 2771 si
2033 2722 2303 2774 verum
2336 2705 2533 2775 esset
2568 2701 2648 2775 id
2681 2701 2884 2800 quod

579 2827 818 2903 tradit
904 2824 1199 2913 SuidaS,
1289 2822 1816 2922 Phrynichum
1897 2825 2328 2900 tetrametri
2408 2824 2883 2901 inventorem

577 2952 855 3038 fuisse3
911 2972 1063 3047 quo
1121 2948 1428 3045 quidem
1481 2972 1563 3021 re
1611 2947 1780 3045 ipsa
1832 2948 2030 3020 nihil
2078 2949 2344 3023 falsius
2396 2974 2557 3023 esse
2605 2954 2879 3049 potest,

578 3100 822 3173 quum
873 3074 1006 3148 diu
1057 3075 1237 3146 ante
1288 3072 1818 3170 Phrynichum
1865 3072 2301 3148 istiusmodi
2350 3074 2693 3173 versibus
2759 3076 2885 3149 usi

576 3200 734 3273 sint
767 3196 1271 3272 Archilochus
1306 3197 1384 3270 et
1421 3196 1674 3285 Solon,
1713 3201 1812 3284 et,
1852 3196 2057 3294 quod
2090 3197 2544 3274 Aristoteles
2586 3200 2883 3273 tradere

581 3322 909 3409 videtur,
934 3343 1195 3394 omues
1216 3322 1397 3394 ante
1421 3321 1867 3420 AEschylum
1886 3320 2177 3418 tragici.
2272 3322 2417 3397 Sed
2436 3323 2533 3397 ad
2551 3323 2883 3399 rationes

583 3444 1153 3543 chronologicas
1186 3444 1607 3519 redeamus,

679 3556 904 3645 Acta'
931 3573 1047 3644 est
1103 3570 1512 3668 tetralogia
1579 3571 1916 3658 Orestea‚
1977 3568 2581 3666 Agamemnona,
2642 3572 2881 3649 Choe-

580 3693 883 3791 phorOS,
955 3696 1033 3765 et
1099 3692 1566 3766 Eumenidas
1636 3693 2165 3789 complectenS,
2230 3696 2349 3769 Ol.
2423 3697 2745 3771 LXXX.
2810 3702 2879 3773 1.

587 3817 950 3891 archonte
971 3814 1353 3903 Philocle3
1410 3814 1613 3913 quod
1638 3840 1734 3889 ex
1756 3816 2195 3891 testimonio
2222 3823 2520 3895 constat
2554 3824 2885 3898 auctoris
2949 3864 2953 3868 ·

586 3939 1051 4037 Argumenti
1081 3939 1168 4013 in
1199 3939 1801 4037 Agamemnona.
1908 3941 2158 4015 Persis
2192 3948 2643 4019 autemnon
2676 3951 2885 4023 ante-

587 4064 898 4141 cessisse
955 4064 1262 4161 Septem
1316 4066 1582 4138 contra
1637 4065 1930 4139 Thebas
1987 4066 2224 4156 docet,
2288 4092 2383 4143 ex
2434 4059 2883 4165 didascaliis,

585 4192 958 4289 interpres
1010 4189 1126 4263 ad·
1151 4187 1543 4285 Aristoph.
1584 4188 1784 4261 Ran.
1824 4192 2043 4262 1026.
2152 4191 2406 4281 Quare
2441 4195 2882 4293 AEschyleae,

587 4339 758 4410 quae
793 4316 1225 4413 supersunt,
1263 4313 1545 4387 fabulae
1581 4314 1999 4387 secundum
2032 4316 2377 4391 ordinem
2412 4320 2883 4418 chronologi-

589 4461 766 4509 cum
821 4439 1402 4515 didascaliarum
1458 4440 1564 4514 sic
1619 4443 1846 4514 erunt
1893 4439 2319 4537 digerendae
2344 4444 2884 4557 z--SuppliceS,
