3282 5193
1289 448 1381 500 IN
1417 447 1730 502 PERsAS.
2467 427 2614 498 153

440 689 457 702 .
500 654 634 715 728.
694 627 1093 730 Ζέὗγνυμι.
1180 650 1423 708 Pontem
1465 651 1698 726 injicio..
1763 649 2046 709 Herodot.
2094 648 2235 706 VII.
2284 650 2342 707 8.
2399 653 2616 724 μέλλω,

421 741 614 809 ζεύξας
640 739 737 797 τὸν
762 740 1215 806 Ἑλλήσποντον,
1246 740 1395 814 ἐλᾷν
1424 744 1691 815 στρατιὰν
1712 736 1778 796 δι’
1803 739 2066 814 ,Εὐρώπης
2095 739 2186 794 ἐπὶ
2217 741 2318 807 τὴν
2334 732 2614 805 Ἐλλάδα,

416 834 513 889 ἰ’να
537 830 869 900 Ἀθηναίους
908 833 1324 907 τιμωρήσωμαι.
1408 828 1559 887 Ibid.
1587 833 1685 887 24.
1729 835 2132 904 προσετέτακτο
2174 831 2263 886 καὶ
2303 829 2403 886 τὸν
2445 829 2612 906 Στρΰ·

413 947 561 999 μονα
590 923 843 999 ποταμὸν
872 923 1173 990 ζεύξαντας
1208 925 1551 1000 γεφυρῶσαι.
1634 921 1714 980 Et
1741 921 1822 979 sic
1852 920 2006 979 alibi.
2093 920 2246 978 Mihi
2273 927 2463 980 autem
2491 941 2624 999 per-

415 1031 646 1072 suasum
673 1021 779 1082 est,
808 1011 1063 1070 fabulam
1091 1012 1163 1071 de
1188 1013 1401 1072 catenis
1427 1031 1464 1070 a
1498 1013 1688 1070 Xerxe
1727 1011 2104 1090 Hellesponto
2139 1011 2428 1082 immissis,
2459 1013 2616 1091 apud

415 1105 777 1163 Herodotum
803 1104 1044 1162 relatam
1072 1105 1214 1162 VII.
1236 1108 1334 1163 35.
1378 1104 1450 1162 ab
1477 1103 1814 1182 hujusmodi
1840 1103 2126 1162 locutione
2154 1104 2302 1162 male
2328 1103 2618 1162 intellecta

416 1196 772 1274 profluxisse,
803 1195 949 1253 forte
978 1215 1047 1254 ex
1073 1194 1199 1273 ipso
1227 1193 1488 1273 AEschyli
1511 1194 1644 1254 loco
1664 1195 1814 1253 infra
1843 1199 1980 1259 751.
2029 1195 2132 1252 ubi
2159 1196 2520 1272 δεσμώμασιν
2549 1196 2620 1253 de

419 1287 611 1365 pontis
636 1285 961 1364 ligamentis
996 1294 1149 1345 recte
1184 1285 1336 1364 cepit
1373 1285 1699 1346 Schutzius.
1783 1287 1972 1355 Quam
2001 1287 2166 1346 facile
2197 1295 2392 1346 autem
2423 1288 2623 1366 hujus-

418 1377 575 1436 modi
602 1377 813 1436 fabulae
841 1378 1113 1447 oriantur,
1144 1377 1255 1436 alio
1283 1376 1454 1437 etiam
1492 1378 1753 1455 exemplo
1779 1378 1970 1437 videre
2002 1386 2110 1437 est.
2193 1378 2510 1440 Historiam
2550 1380 2621 1437 de

419 1469 803 1528 Themistocle
831 1469 903 1527 ab
931 1468 1258 1548 Eurybiade
1287 1469 1489 1528 baculo
1517 1488 1788 1546 percusso
1820 1468 2020 1548 (quam
2055 1477 2250 1529 narrat
2278 1470 2626 1529 Plutarchus

418 1561 478 1618 in
506 1561 624 1618 vita
660 1561 782 1638 ejus
807 1581 868 1638 p.
908 1561 1071 1638 117.)
1102 1562 1174 1619 ab
1216 1559 1500 1620 Herodoti
1538 1560 1665 1618 loco
1693 1560 1870 1619 VIII.
1904 1565 2000 1621 59.
2043 1561 2322 1640 originem
2363 1562 2620 1630 traxisse,

418 1671 604 1720 nem0‚
632 1658 701 1708 ut
741 1651 960 1729 opinor,
992 1653 1166 1711 semel
1201 1651 1455 1710 monitus
1493 1651 1815 1710 dubitabit:
1866 1672 1971 1711 nec
2008 1661 2129 1711 erat
2166 1672 2268 1711 cur
2302 1654 2622 1713 Larcherus

419 1742 718 1801 miraretur
755 1743 1118 1802 Herodotum
1154 1763 1277 1802 rem
1313 1742 1536 1802 silentio
1574 1743 1970 1813 transmisisse,
2002 1763 2175 1822 quam
2210 1745 2308 1803 ille
2344 1765 2416 1803 ne
2448 1745 2622 1803 fando

420 1833 651 1910 quidem
678 1835 966 1896 audiisset.
1051 1835 1267 1894 Eodem
1291 1835 1408 1893 fere
1435 1835 1625 1904 modo,
1652 1855 1830 1914 quum
1858 1841 2143 1895 narrasset
2160 1835 2492 1895 Herodotus
2513 1836 2622 1896 VI.

428 1928 558 1984 114.
612 1925 978 2004 Cynegirum‚
1013 1927 1213 1985 dextra
1239 1933 1553 2004 amputata,
1578 1947 1693 2004 qua
1718 1947 1920 1986 navem
1949 1927 2297 2004 arripuisset,
2321 1928 2586 1987 cecidisse
2607 1945 2648 1998 ς’

420 2016 716 2075 historiam
743 2018 910 2075 finxit
946 2017 1165 2096 aliquis,
1197 2037 1369 2096 quam
1406 2019 1625 2094 accepit
1665 2018 1704 2077 J
1708 2019 1933 2078 ustinus
1960 2019 2046 2076 11.
2081 2024 2138 2079 9.
2182 2019 2254 2076 de
2290 2019 2467 2077 altera
2503 2019 2626 2096 ejus
2746 2037 2753 2047 ·

421 2128 597 2166 manu
621 2110 875 2187 praecisa,
906 2117 1204 2188 rostroque
1230 2109 1521 2188 mordicus·
1549 2109 1854 2186 prehensO.
1937 2108 2072 2168 Vid.
2102 2109 2375 2168 Laroher.
2405 2109 2480 2168 ad
2507 2109 2626 2168 He-

423 2200 611 2260 rodot.
640 2202 710 2261 Τ.
745 2201 851 2259 IV.
881 2221 942 2279 p.
971 2204 1113 2262 459.

510 2345 641 2403 729.
701 2317 1129 2424 Βόσπορος.
1214 2342 1637 2418 Hellespontus
1673 2343 1754 2402 sic
1793 2342 1930 2401 olim
1961 2341 2274 2402 dicebatur.
2356 2343 2626 2420 Sophocl.

424 2429 589 2509 AjaC.
623 2431 761 2492 870.
802 2432 985 2507 ῥυτῶν
1020 2436 1342 2507 Βοσπορίων
1374 2434 1670 2508 ποταμῶν.
1713 2429 1814 2491 ubi
1843 2430 2036 2489 Schol.
2078 2433 2216 2490 ’ἱσως
2251 2437 2361 2491 τῶν
2385 2427 2630 2502 Ἑλλησ-

423 2521 843 2582 ποντίων-δύο
872 2521 933 2580 δέ
961 2526 1073 2580 εἶσι
1104 2527 1401 2602 Βόσποροι,
1434 2525 1464 2580 ὁ
1489 2525 1597 2600 μὲν
1628 2527 1772 2582 κατὰ
1797 2527 1902 2592 τὴν
1931 2524 2304 2600 Προποντίδα,
2334 2527 2364 2582 ὁ
2393 2524 2456 2583 δὲ
2483 2530 2630 2602 Θρα-

425 2616 585 2683 κικός,
617 2619 683 2672 ὥς
712 2630 849 2691 φησι
876 2620 1107 2674 Φιλέας.
1193 2615 1383 2675 Schol.
1402 2615 1468 2673 in-
1493 2616 1766 2694 Apollon.
1799 2616 1992 2675 Rhod.
2025 2618 2112 2676 II.
2149 2620 2280 2677 168.
2346 2622 2630 2697 Βόσπορος

428 2707 945 2781 ὀνομάζεται-διὰ
984 2708 1047 2766 τὸ
1085 2709 1303 2766 πάντας
1340 2704 1463 2767 τοῦς
1504 2706 1734 2767 στενοῦς
1773 2708 2049 2787 πορθμοὺς
2087 2714 2404 2788 Βοσπόρους
2443 2718 2630 2771 καλεῖ-

431 2798 581 2855 σθαι.
668 2797 815 2856 Haec
842 2805 899 2855 et
925 2798 1095 2875 plura
1119 2798 1340 2857 notavit
1365 2797 1647 2857 Abresch.

511 2941 645 3002 730.
703 2913 1225 3017 Ξυνᾶπτομαι.
1315 2940 1611 3016 Con-spiro.
1674 2940 1964 2999 Auxilior.
2025 2941 2186 3001 Infra
2207 2946 2343 3006 748.
2387 2949 2475 3023 χὼ
2505 2944 2630 3003 θεὸς

430 3028 783 3095 ξυνάπτεται,
810 3046 917 3104 pro
944 3025 1363 3102 ξυλλαμβάνει.

512 3169 648 3229 735.
710 3145 1167 3246 Παμπήδην.
1240 3168 1508 3225 Penitus.
1579 3172 1893 3227 παντελῶς.
1979 3167 2241 3227 PhotiuS.
2326 3168 2464 3227 Non
2516 3169 2630 3228 for-

430 3261 621 3313 matur
660 3274 694 3313 a
734 3256 993 3332 πάμπαν,
1024 3253 1179 3333 quod
1221 3253 1301 3313 ait
1342 3254 1740 3333 Etymologus,
1772 3253 1872 3313 sed
1907 3274 1978 3315 ex
2009 3258 2118 3313 πᾶς
2153 3262 2210 3313 et
2247 3258 2464 3333 πάσμαι
2500 3276 2629 3333 pos-

430 3345 605 3404 sideo.
688 3346 821 3404 Vid.
855 3346 1111 3405 Glossar.
1146 3346 1210 3403 in
1251 3346 1436 3404 Theb.
1468 3347 1607 3404 818.
1650 3367 1706 3404 v.
1755 3352 2090 3423 Παμπησία.
2173 3346 2462 3423 Theognis
2491 3349 2626 3405 615.

430 3436 742 3517 παμπήδην
770 3440 996 3512 ἀγαθὸν
1025 3439 1116 3495 καὶ
1141 3442 1368 3513 μέτριον
1397 3436 1599 3513 ἄνδρα.
1684 3436 1956 3514 Sophocl.
1984 3438 2148 3515 Ajac.
2170 3439 2306 3499 916.
2349 3439 2509 3497 ἀλλά
2542 3463 2630 3497 νιν

432 3536 770 3606 περιπτυχεΐ
794 3530 969 3605 Φάρει
998 3528 1237 3602 καλύψω
1266 3527 1406 3607 τῷδε
1434 3527 1766 3606 παμπήδην.
1851 3528 2096 3586 Nicand.
2121 3528 2288 3587 Alex.
2311 3532 2410 3592 37.
2457 3526 2490 3599 ἦ
2520 3536 2630 3607 γὰρ

432 3618 694 3696 ἅνιγροῦς
726 3618 1047 3700 Παμπήδην
1073 3618 1277 3698 {ipanus
1304 3622 1620 3698 λιχμήρεας
1648 3622 1960 3697 ἠρήμωσεν.
2695 3613 2704 3617 ”

520 3776 654 3837 738.
697 3747 977 3857 ”Ερῥω.
1039 3775 1219 3833 Abeo.
1280 3775 1487 3833 Pereo.
1548 3773 1808 3853 Hesych.
1839 3776 2054 3853 ’Έῤῥει.
2085 3778 2407 3846 ἀπόλωλεν,
2433 3778 2634 3856 ἔφθαρ-

435 3888 548 3921 ται.
632 3860 1004 3939 Hippocratis
1033 3861 1454 3922 Lacedaemonii
1473 3862 1736 3940 Epistola
1750 3882 1842 3941 ap.
1864 3864 2133 3941 Xenoph.
2159 3863 2314 3923 Hell.
2335 3865 2388 3924 I.
2407 3886 2468 3943 p.
2495 3868 2630 3924 252.

436 3952 648 4031 scripta
672 3959 805 4029 post
832 3953 1237 4031 Cynossemate
1263 3973 1518 4033 pugnam
1550 3953 1830 4023 navalem,
1859 3955 1920 4013 in
1955 3976 2069 4033 qua
2104 3955 2407 4015 Mindarus
2441 3956 2636 4034 profli-

435 4051 569 4122 gata
595 4043 770 4101 classe
796 4042 1129 4103 interfectus
1156 4052 1277 4115 est3
1307 4048 1503 4122 ’Ἐῤῥει
1535 4050 1605 4104 τὰ
1643 4048 1812 4125 καλᾴ.
1895 4047 2180 4124 Μίνδαρος
2224 4046 2268 4105 δ’
2296 4052 2634 4107 ἀπέσσυται.

438 4142 679 4194 Πεινῶτι
718 4132 971 4211 τῶνδρες·
1031 4140 1341 4213 ἆπορέομες
1382 4142 1435 4195 τί
1484 4141 1594 4215 χρὴ
1636 4137 1796 4215 δρᾷν.
1882 4138 2042 4206 Quos
2067 4158 2263 4196 versus
2305 4138 2637 4216 Hipponac-

437 4236 558 4287 teos
595 4226 783 4286 effecit
810 4227 1181 4287 Valckenaer.
1210 4228 1271 4286 in
1298 4228 1587 4287 Theocrit.
1619 4229 1894 4288 Adoniaz.
1924 4249 1984 4307 p.
2017 4231 2155 4289 264.
2196 4230 2436 4309 legendo
2465 4238 2640 4289 ἀπέσ-

442 4348 596 4392 σουα,
626 4330 682 4381 et
723 4325 1041 4400 ἂποριῶμες
1076 4325 1107 4382 ὅ
1144 4349 1196 4382 τι
1234 4329 1342 4402 χρὴ
1382 4323 1538 4400 δρᾷν.
1622 4324 1778 4383 Mihi
1805 4323 2034 4401 quidem
2059 4323 2364 4401 legendum
2393 4324 2634 4395 videtur,

444 4416 730 4493 Μίνδαρος
758 4421 869 4491 γὰρ
897 4418 1183 4484 ἦσσοῦται,
1213 4415 1306 4473 vel
1334 4417 1617 4474 ἑσσοῦται.
1685 4415 1926 4474 Homer.
1957 4415 2123 4474 Iliad.
2156 4422 2229 4475 θ.
2254 4418 2386 4475 164.
2448 4418 2636 4495 Ρέῤῥε,

447 4514 581 4577 κακὴ
626 4512 833 4581 γλήνη.
920 4506 1087 4565 Iliad.
1130 4498 1195 4564 I.
1221 4508 1359 4565 364.
1430 4512 1498 4565 τὰ
1541 4511 1840 4573 κάλλιπον,
1883 4508 2084 4568 ἐνθάδε·
2127 4510 2364 4587 Ρέρῤων,
2394 4509 2640 4589 explicat
