3282 5193
1391 432 1535 511 175

799 1095 1448 1176 APPENDIX
1541 1095 1707 1177 AD
1805 1097 2240 1178 NOTAS.

1398 1457 1648 1485 ᾕμ-

415 1787 422 1793 ·
497 1714 571 1774 V.
601 1718 700 1772 42.
745 1712 938 1774 LexiC.
968 1713 1219 1792 Seguier.
1249 1734 1309 1792 p.
1341 1715 1476 1783 416,
1515 1719 1605 1774 11.
1655 1715 1872 1774 ‘'An-av·
1917 1716 1969 1775 οἱ
2007 1717 2119 1795 μὲν
2147 1718 2345 1776 Ἴωνες
2387 1723 2621 1777 συστέλ-

420 1812 601 1877 λουσι,
632 1810 720 1866 καὶ
746 1809 798 1866 οἶ
824 1812 1064 1877 ποιηταί,
1094 1807 1407 1866 οἷον-τῶν
1434 1806 1478 1865 δ’
1495 1810 1654 1865 ἅπαν
1683 1810 1940 1880 ἐπλήσθη
1968 1807 2184 1868 πεδίον.
2233 1809 2334 1884 (Il.
2354 1816 2420 1868 Υ.
2453 1809 2614 1886 156.)

406 1904 511 1981 ’καὶ
552 1901 604 1958 οἱ
642 1899 878 1958 Ἀττικοὶ
922 1902 1227 1958 έκτείνουσι
1269 1903 1371 1968 τὴν
1412 1902 1670 1975 ὑστέραν,
1716 1903 1803 1958 καὶ
1846 1902 1907 1959 τὸ
1955 1904 2231 1978 παράπαν
2275 1903 2490 1979 ὁμοίως,
2531 1906 2620 1960 καὶ

420 1995 649 2050 ἅπαντα
677 1992 747 2050 τά
774 1995 1017 2059 τοιαῦτα,
1054 1989 1286 2062 (Suidas
1314 1993 1402 2048 καὶ
1440 1993 1595 2049 ἅπαν
1630 1995 1720 2048 καὶ
1750 1992 1818 2050 ra*
1848 1992 2125 2068 τοιαῦτα.)
2211 1991 2384 2059 Quod
2411 1991 2620 2050 falsum

418 2089 525 2143 est.
582 2082 783 2159 Eurip.
805 2081 967 2140 Med.
996 2084 1167 2144 1087.
1199 2083 1441 2159 πάμπᾶν
1469 2084 1712 2158 ἄπειρος.
1774 2081 2126 2140 Eustath.in
2140 2082 2256 2141 Od.
2278 2088 2420 2160 B.p.
2448 2086 2619 2153 1434,

429 2178 481 2232 1.
510 2173 746 2233 Ἀττικοὶ
773 2173 836 2232 δὲ
860 2173 1001 2232 καταῖ
1031 2175 1239 2232 Α’ίλιον
1271 2174 1588 2242 Διονύσιον,
1610 2177 1919 2232 έκτείνουσι
1939 2178 2041 2244 τὴν
2063 2176 2304 2251 ὑστέραν
2320 2178 2417 2233 τοῦ
2438 2177 2619 2234 ἅπαν.

423 2268 601 2341 ἕτερος
632 2264 693 2323 δὲ
719 2267 898 2342 ρἡωρ
926 2268 992 2323 ἐν
1012 2269 1193 2344 οἰκείῳ
1220 2267 1416 2344 λεξικῷ
1445 2267 1648 2344 γράφει
1676 2265 1762 2323 ὅτι
1792 2267 1822 2323 ὅ
1851 2264 2022 2337 λόγος
2045 2264 2366 2344 βραχῦνειν
2392 2270 2541 2334 ἀξιοῖ
2559 2270 2622 2327 τὸ

421 2356 598 2416 ἅπαν.
640 2356 709 2415 ra*
741 2357 854 2434 γοῖρ
880 2357 1509 2435 παρασχηματιζόμενα
1548 2363 1664 2416 τοῖς
1692 2359 1773 2416 εἷς
1803 2382 1868 2416 ας
1896 2357 2179 2435 οὐδέτερα,
2207 2357 2621 2437 βραχύνονται.

420 2449 558 2518 οἷον,
586 2454 793 2526 μέλαν,
825 2451 1033 2509 τάλαν.
1076 2447 1244 2507 οὕτως
1270 2447 1372 2508 οὖν
1401 2453 1489 2508 καὶ
1515 2448 1697 2508 ἅπαν.
1742 2453 1792 2508 εἰ
1823 2449 1884 2508 δὲ
1911 2454 2106 2519 ταῦτα,
2138 2455 2333 2530 πολλῷ
2360 2456 2542 2510 πλέον
2560 2451 2624 2510 τὸ

420 2543 661 2621 πάμπαν
690 2544 966 2622 ἑπίῤῥημα
996 2544 1443 2612 συσταλήσεται.
1486 2541 1711 2601 Auctor
1738 2541 1810 2601 de
1831 2540 2069 2602 Prosod.
2094 2562 2189 2621 ap.
2210 2542 2526 2602 Hermann.
2551 2542 2625 2602 de

422 2634 554 2693 Em.
576 2633 679 2692 Gr.
702 2634 805 2692 Gr.
825 2653 885 2710 p.
907 2637 1045 2693 439.
1096 2633 1192 2693 ὅτε
1216 2639 1414 2711 μέντοι
1441 2634 1503 2693 τὸ
1531 2636 1647 2693 πᾶν
1677 2633 2040 2709 δισυλλάβως
2067 2641 2326 2710 λέγηται,
2356 2634 2481 2697 τότε
2510 2637 2623 2705 ἔξει

420 2726 483 2785 τὸ
512 2750 551 2783 α
580 2731 1057 2802 συνεσταλμένον,
1084 2727 1337 2800 σιἰμπαν,
1354 2727 1535 2785 ἅπαν.
1560 2726 1623 2784 τὸ
1647 2726 1708 2784 δὲ
1724 2725 1886 2785 ἅπαν
1907 2726 2134 2803 εὕρηται
2156 2733 2283 2805 παρ’
2307 2728 2625 2799 Ἀθηναίοις

422 2820 669 2877 έκτεῖνον
696 2817 759 2874 τὸ
788 2840 847 2876 α.
929 2815 1271 2893 Apollonius
1290 2815 1360 2873 de
1379 2816 1633 2876 Adverb.
1655 2837 1715 2894 p.
1736 2819 1874 2878 569.
1899 2817 1990 2875 ed.
2014 2817 2264 2877 Bekker.
2309 2823 2392 2877 ἔτι
2419 2821 2480 2879 τὸ
2507 2822 2624 2881 πᾶν

420 2907 865 2986 μονοσύλλαβον
892 2910 1001 2985 μὲν
1030 2906 1098 2965 ὂν
1127 2909 1191 2965 έν
1218 2910 1285 2985 τῇ
1312 2909 1534 2966 ἐκτάσει
1574 2914 1670 2966 τοῦ
1698 2912 1738 2965 ἆ
1767 2910 1944 2967 ἐστίν.
1988 2911 2128 2982 ὑπὲρ
2154 2916 2294 2986 μίαν
2322 2911 2384 2969 δὲ
2411 2917 2626 2971 συλλα-

421 2998 540 3075 βὴν
578 2998 928 3069 καθεστηκός,
972 3000 1088 3057 ε’ίτε
1130 3002 1221 3057 καὶ
1259 2998 1399 3057 κατὰ
1443 2999 1730 3066 σύνθεσιν,
1775 3000 1892 3057 ε’ίτε
1932 3004 2023 3057 καὶ
2063 2998 2204 3076 [κατ’
2231 3001 2489 3077 ἔνδ]ειαν
2527 3007 2628 3061 τοῦ

422 3094 785 3151 ἐλλείποντος
816 3096 874 3160 οἶ,
920 3093 985 3149 έν
1030 3094 1294 3173 συστολῇ,
1343 3091 1591 3169 σύμπαν,
1631 3092 1876 3166 πρόπαν,
1909 3088 2088 3150 ἅπαν·
2133 3091 2273 3170 ὅπερ
2300 3093 2624 3153 ἀνεδέδεκτο

421 3187 513 3241 καὶ
560 3187 621 3243 τὸ
670 3186 948 3263 ἐπίῤῥημα
995 3185 1059 3241 ἐν
1103 3186 1180 3262 τῷ
1229 3184 1488 3259 πάμπαν.
1575 3181 1648 3239 In
1691 3182 1802 3241 hoc
1848 3202 2017 3242 versu
2065 3183 2428 3245 scribendum
2477 3185 2625 3244 forte

424 3275 648 3334 divisim
676 3278 771 3335 ἐπὶ
798 3280 937 3334 πᾶν.

506 3466 602 3523 65.
646 3464 795 3523 Haeo
820 3460 1233 3540 antistrophica
1251 3458 1711 3519 distributionem
1732 3460 1927 3538 paullo
1953 3461 2245 3522 meliorem
2271 3462 2621 3535 admittunt3

746 3621 1068 3691 πεπέρακεν
1109 3614 1219 3691 μὲν
1258 3615 1288 3671 ὅ
1328 3618 1698 3689 περσέπτολις
1738 3612 1842 3686 ἤδη
1881 3612 2177 3687 βασίλειος

744 3707 977 3785 στρατὸς
1016 3708 1098 3764 εἷς
1138 3709 1443 3781 ἀντίπορον
1487 3708 1719 3779 γείτονα
1760 3708 1979 3783 χώραν,
2023 3708 2340 3787 λινοδέσμῳ

1063 3795 1265 3875 σχεδίᾳ
1304 3797 1556 3874 πορθμὸν
1596 3799 1848 3875 ἀμείψας

1060 3886 1464 3965 Ἀθαμάντιδος
1491 3891 1726 3958 ”Ελληε,

1056 3981 1428 4059 πολύγομφον
1469 3979 1679 4058 ὅδισμα

906 4070 1087 4144 ζυγὸν
1127 4071 1475 4149 ἀμφιβαλὼν
1516 4076 1722 4150 αὐχένι
1764 4075 1988 4131 πόντου.

435 4239 485 4294 l.
515 4236 574 4291 2.
618 4234 947 4289 tetrameter
987 4230 1220 4290 Ionicus
1256 4250 1291 4289 a
1321 4232 1561 4291 minore.
1645 4235 1706 4291 3.
1751 4231 1990 4291 dimeter
2027 4233 2156 4292 Ion.
2192 4252 2227 4291 a
2251 4233 2394 4292 min.
2475 4236 2535 4292 4.
2567 4239 2625 4293 5.

430 4325 594 4384 Idem
628 4328 896 4389 metrum,
935 4329 1229 4399 anapaesto
1263 4321 1326 4381 in
1366 4323 1610 4399 primam
1648 4322 1840 4383 sedem
1880 4323 2165 4384 adsumto.
2251 4326 2308 4383 6.
2352 4324 2634 4384 Trimeter

432 4416 561 4474 Ion.
578 4434 613 4473 a
630 4413 773 4473 min.
796 4419 1155 4491 anapaestum
1173 4412 1235 4471 in
1254 4412 1441 4491 prima
1461 4413 1593 4474 sede
1612 4413 1853 4474 habens·
1936 4414 2070 4473 vid.
2097 4414 2414 4475 Hermanni
2442 4415 2627 4475 Elem.

430 4506 631 4568 Doctr.
661 4503 840 4566 Matr.
868 4523 929 4582 p.
960 4505 1101 4568 497.
1182 4503 1537 4565 Tetrameter
1562 4510 1650 4566 est
1676 4502 1908 4566 Ionicus
1942 4525 1980 4565 a
2005 4505 2224 4567 minore
2250 4506 2629 4576 catalectiem,
