3282 5193
624 424 722 494 96
1475 437 1980 528 omssARmM

625 628 874 703 σχοινία,
906 622 1099 681 Schol.
1131 619 1324 698 Apoll.
1358 619 1549 680 Rhod.
1581 618 1633 676 I.
1670 620 1805 677 652.
1891 621 2226 695 nefastam:
2286 621 2515 694 σχοινία
2559 619 2826 692 ἀπόγεια,

625 720 971 793 πρυμνήσια.
1005 713 1261 791 Hesych.
1344 712 1559 770 Contra
1587 710 1809 778 SuidaS,
1842 716 2140 785 Πείσματα
2175 709 2244 768 τά
2272 712 2542 786 ἀγκῦρεια
2577 717 2826 793 σχοινία.

626 808 778 880 παριὶ
821 809 881 864 τὸ
924 809 1221 864 πείθεσθαι
1263 804 1328 862 δι’
1362 807 1547 861 αὐτῶν
1587 807 1691 872 τὴν
1737 806 1964 870 vaurstv.
1999 821 2112 880 quo
2154 800 2415 859 dissentit
2452 801 2705 880 Etymol.
2737 801 2826 858 M.

626 919 687 976 p.
722 901 855 966 668,
886 902 983 956 41.
1073 903 1388 973 Πείσματα,
1416 895 1487 955 ra*
1527 897 1778 970 ἀπόγεια
1823 900 2072 972 σχοινία,
2113 899 2332 952 πείθειν
2375 899 2466 952 καὶ
2514 897 2687 952 ε’ίκειν
2729 900 2830 962 τὴν

633 994 775 1050 ναῦν
802 994 1078 1057 ποιοῦσιν,
1100 989 1332 1067 quicum
1360 987 1496 1047 facit
1526 986 1796 1046 Eustath.
1828 987 1903 1044 ad
1930 985 2098 1043 Iliad.
2123 985 2198 1043 A.
2228 1005 2289 1062 p.
2318 989 2446 1054 131,
2482 989 2537 1048 7.
2598 985 2832 1043 Rectius

629 1091 821 1140 autem
849 1083 1228 1139 retinaculum
1255 1091 1427 1158 quam
1457 1081 1670 1137 rudem
1695 1085 1968 1136 vertetur.
2054 1077 2224 1135 Nost.
2255 1078 2462 1154 Agam.
2501 1079 2632 1137 196.
2693 1079 2833 1134 νεῶν

632 1199 693 1232 τε
722 1177 811 1231 καὶ
837 1175 1165 1248 πεισμάτων
1194 1172 1459 1251 ἀφειδεῖς.
1535 1169 1740 1247 Suppl.
1771 1169 1903 1232 761.
1977 1169 2110 1227 Οὐδ’
2139 1168 2321 1247 ὅρμος,
2351 1169 2479 1228 οὑδὲ
2508 1171 2833 1242 πεισμάτων

634 1272 875 1341 σωτηρία
916 1270 1011 1324 Εἰς
1049 1270 1161 1340 γῆν
1188 1267 1472 1338 ἐνεγκεῖν,
1502 1263 1612 1322 οὔδ’
1640 1266 1706 1320 ἐν
1739 1257 2159 1340 ἀγκυρουχίαις.
2245 1260 2338 1320 Cf.
2371 1260 2570 1339 Eurip.
2604 1260 2830 1318 Hecub.

641 1361 810 1421 1070.
897 1357 1137 1435 Hippol.
1173 1357 1308 1419 762.

721 1541 851 1601 117.
927 1513 1408 1619 ¹*'Aa0“lt’(2p()s·.
1501 1537 1688 1603 Quam
1704 1539 1960 1614 populus
1990 1525 2231 1596 transit.

721 1735 854 1792 119.
917 1713 966 1763 ³¹⁵
992 1708 1531 1811 Μελαγχῖτων.
1608 1730 1783 1787 Pulla
1826 1736 1982 1787 veste
2023 1730 2284 1786 amictus.
2363 1726 2620 1786 Fortiore
2661 1735 2836 1787 meta-

636 1828 819 1906 phora
850 1828 1162 1905 exprimere
1199 1828 1382 1886 voluit
1411 1828 1804 1896 Homericum,
1843 1827 2010 1885 Iliad.
2057 1834 2120 1884 P.
2162 1830 2259 1885 83.
2307 1827 2549 1904 “Em-opu
2592 1828 2636 1884 δ’
2669 1830 2836 1888 αἰνὸν

637 1924 777 1999 ἄχος
805 1921 1020 1978 πῦκασε
1046 1927 1253 1996 φρένας
1280 1924 1721 1997 ἀμφιμελαίνας.
1752 1927 1810 1978 et
1840 1928 1912 1976 A.
1951 1922 2082 1978 103.
2129 1926 2326 1992 μένεος
2359 1920 2420 1978 δὲ
2457 1927 2613 1996 μέγα
2642 1916 2838 1998 φρένες

634 2016 1051 2090 ἀμφιμέλαιναι
1083 2010 1421 2089 Πίμπλαντ’.
1466 2012 1567 2069 ubi
1609 2012 1800 2070 Schol.
1833 2011 2037 2069 Venet.
2083 2011 2186 2081 ἤδη
2236 2011 2298 2069 δὲ
2343 2011 2395 2068 οἱ
2445 2014 2706 2088 νεώτεροι
2740 2037 2837 2088 με-

638 2109 842 2163 λαίνας
898 2108 995 2162 τὰς
1049 2110 1256 2181 φρένας
1296 2109 1493 2178 φασίν.
1580 2103 1781 2162 Nostri
1825 2103 2144 2162 Scholiasta
2185 2102 2504 2161 Homerum
2547 2103 2608 2160 in
2651 2103 2841 2162 animo

637 2196 858 2263 habuit,
890 2215 1069 2273 quum
1095 2201 1473 2273 μελαγχίτων
1497 2213 1601 2272 per
1628 2199 2028 2275 ἁμφιμὲλαινα
2056 2193 2381 2272 explicaret.
2467 2194 2623 2253 Male
2649 2204 2840 2252 autem

639 2286 827 2364 pergit
855 2290 888 2355 ἡ
919 2292 1123 2357 συνετὴ
1154 2290 1243 2345 καὶ
1271 2290 1337 2344 ἐν
1363 2286 1535 2360 βάθει
1566 2293 1816 2363 κειμένη,
1848 2291 1937 2344 καὶ
1965 2290 2185 2363 ἀφανὴς
2211 2283 2375 2344 οὖσα.
2427 2306 2540 2364 quo
2567 2286 2629 2344 in
2655 2305 2840 2345 errore

638 2377 847 2436 versati
874 2386 1007 2436 sunt
1036 2378 1278 2437 Homeri
1305 2378 1671 2457 ‘interpreteS,
1711 2384 1768 2436 et
1807 2375 2152 2455 Hesychius,
2187 2382 2482 2436 Μέλαιναι
2522 2384 2737 2454 φρένες,
2783 2379 2842 2436 αἱ

638 2469 893 2544 βαθεῖαι,
922 2469 1039 2528 imo
1070 2473 1288 2539 tristes,
1317 2472 1581 2529 solicitae.
1664 2468 1956 2546 Theognis
1993 2472 2162 2528 1199.
2209 2475 2298 2528 καί
2324 2495 2418 2546 μοι
2449 2471 2677 2546 κραδίην
2706 2473 2842 2528 ἑπά-

638 2561 767 2629 ταξε
798 2566 1103 2641 μέλαιναν,
1121 2565 1285 2622 ’Όττι
1323 2586 1419 2640 μοι
1453 2565 1711 2620 εὐανθεῖς
1739 2561 1911 2619 ἄλλοι
1957 2562 2190 2638 ἔχουσιν
2235 2561 2461 2637 α’·γροῦς.
2546 2561 2720 2621 Solon
2744 2581 2837 2640 ap.

642 2652 813 2730 Diog.
861 2652 1051 2711 Laert.
1090 2654 1141 2711 I.
1185 2656 1282 2712 61.
1394 2658 1627 2729 γλῶσσα
1670 2653 1733 2711 δέ
1773 2654 1825 2711 οἱ
1860 2652 2156 2731 διχόμυθος
2202 2657 2298 2711 Ἐκ
2333 2659 2609 2731 μελαίνης
2647 2656 2843 2731 φρενὸς

642 2748 891 2823 γεγωνῇ.
976 2744 1189 2802 Noster
1248 2743 1511 2821 Choeph.
1568 2748 1708 2801 411.
1794 2735 2127 2821 Σπλιίγχνα
2169 2744 2231 2803 δέ
2269 2770 2364 2824 μοι
2408 2750 2844 2806 κελαινοῦὲται

641 2838 775 2915 πρὸς
817 2838 948 2894 ἔπος
981 2837 1285 2894 κλὺουσαν.
1391 2834 1595 2913 Suppl.
1658 2837 1794 2898 792.
1869 2838 2255 2914 Μελανόχρως
2298 2836 2359 2893 δὲ
2401 2838 2688 2895 πάλλεταί
2737 2862 2846 2916 μου

641 2928 855 3006 καρδία.
941 2927 1210 3005 Sophoel.
1262 2926 1425 3004 AjaC.
1476 2927 1611 2985 968.
1660 2924 1740 2983 Ἦ
1781 2929 1852 3004 ῥα
1895 2927 2249 2986 κελαινωπόν
2291 2928 2486 3005 Θυμόν
2531 2928 2842 3006 ἐφυβρίζει.

641 3020 742 3079 ubi
778 3018 1003 3097 egregia
1034 3018 1300 3097 quaedam
1332 3017 1627 3077 adnotavit
1676 3018 2063 3096 MusgraviuS.
2164 3018 2258 3078 Cf.
2311 3020 2584 3078 Gataker.
2635 3020 2708 3079 ad
2753 3020 2842 3078 M.

642 3110 920 3169 Antonin.
952 3109 1059 3167 IV.
1092 3112 1188 3168 28.

732 3289 861 3346 120.
924 3262 1324 3365 Ἀμῦσσω.
1413 3289 1470 3346 V
1464 3288 1646 3346 ellim.
1707 3288 1889 3349 Docte
1917 3289 2256 3350 Eustathius
2283 3292 2356 3350 ad
2380 3292 2547 3350 Iliad.
2573 3302 2640 3350 A.
2660 3312 2720 3370 p.
2749 3296 2842 3363 94,

539 3455 553 3476 Ι
642 3390 742 3445 32.
766 3386 845 3463 (v,
870 3389 1006 3445 243.
1040 3383 1109 3444 σι)
1138 3386 1183 3445 δ’
1210 3386 1396 3446 ἔνδοθι
1426 3389 1602 3467 θυμὸν
1633 3388 1913 3467 ἀμύξεις.)
1942 3388 2247 3467 Ἀμύσσειν
2277 3390 2338 3448 δὲ
2365 3398 2554 3469 κυρίως
2583 3393 2646 3449 τὸ
2674 3394 2844 3459 ξὲειν,

644 3486 713 3538 ὡς
742 3482 832 3538 καὶ
856 3479 997 3555 αἷμα
1020 3479 1370 3556 ῥυΐσκεσθαι.
1415 3482 1584 3540 οἱονεὶ
1620 3480 1940 3558 αἷμίισσειν,
1985 3481 2130 3560 μετὰ
2168 3483 2414 3554 δασείας,
2457 3487 2545 3544 καὶ
2586 3484 2853 3565 ἀποβολῇ

642 3573 741 3629 τοῦ
782 3582 803 3626 ῖ
836 3571 1119 3645 ἀμύσσειν
1154 3570 1301 3647 μετ-οἰ
1341 3572 1510 3646 ψιλῆς
1550 3572 1637 3649 (in
1677 3571 1769 3630 his
1801 3592 2098 3651 perperam
2141 3573 2488 3653 Etymologo
2515 3573 2845 3651 obsecutus)

642 3662 924 3738 ἀμύσσειν
967 3665 1108 3734 γοῦν
1149 3684 1226 3717 τις
1270 3667 1506 3735 λέγεται
1549 3664 1813 3739 παρειάν·
1865 3665 1926 3729 ἐξ
1972 3661 2037 3722 οὗ
2073 3668 2162 3723 καὶ
2200 3669 2417 3742 ἀμυχαὶ
2462 3672 2700 3742 σαρκῶν,
2758 3668 2848 3725 καὶ

644 3753 867 3827 ἀμυχαὶ
910 3752 1200 3826 ξεσμίιτων
1231 3756 1344 3810 τῶν
1386 3754 1750 3824 ὁπουδήποτε,
1791 3754 1913 3812 οἷον
1955 3758 2046 3812 καὶ
2087 3757 2151 3813 ἐν
2191 3754 2446 3827 βιβλίοις
2476 3758 2508 3824 ἢ
2537 3758 2742 3824 ξύλοις.
2787 3760 2849 3817 τὸ

644 3842 707 3899 δὲ
748 3848 852 3910 τὴν
887 3841 1081 3919 ψυχὴν
1111 3842 1389 3919 ἀμύσσειν
1414 3849 1784 3923 μεταφορικόν
1823 3848 1978 3904 ἐστιν
2012 3847 2127 3905 ἀπὸ
2155 3850 2250 3904 τοῦ
2278 3850 2548 3923 σώματος.
2633 3849 2851 3908 Eadem

643 3933 761 3992 fere
788 3932 997 4012 repetit
1023 3933 1094 3991 ad
1126 3934 1293 3996 Iliad.
1331 3941 1393 3993 E.
1428 3956 1487 4014 p.
1515 3937 1650 4004 566,
1675 3941 1774 3995 31.
1821 3936 1919 3995 ubi
1945 3936 2086 3995 citat
2104 3936 2374 4015 Sophocl.
2393 3938 2558 4017 Ajac.
2586 3942 2722 3999 633.
2754 3965 2852 3999 πο-

645 4030 773 4085 λιᾶς
810 4024 1129 4101 ἀμύγματα
1171 4032 1396 4103 χαίτας.
1480 4026 1770 4086 Theocrit.
1806 4027 1987 4087 XIII.
2021 4031 2117 4091 71.
2161 4031 2418 4107 χαλεπὸς
2447 4029 2559 4107 γάρ
2589 4033 2698 4089 ἔσω
2727 4032 2853 4090 θεὸς

646 4116 795 4194 ἧπαρ
837 4121 1113 4195 ἄμυσσεν.
1154 4117 1257 4175 ubi
1294 4117 1486 4176 Schol.
1532 4119 1788 4196 ἀμύσσω,
1831 4120 1894 4177 τὸ
1937 4118 2031 4178 Bm*
2061 4122 2228 4196 ξυροῦ
2271 4130 2373 4191 τὴν
2424 4124 2603 4199 σάρκα
2643 4129 2850 4201 τέμνω.

647 4211 782 4269 ὅθεν
824 4216 914 4269 καὶ
954 4208 1195 4288 α’μυχαί,
1235 4208 1296 4266 αἶ
1339 4213 1439 4266 τοῦ
1480 4208 1749 4286 δέρματος
1804 4216 1989 4287 τομαί.
2091 4211 2184 4271 Cf.
2232 4212 2516 4271 Herodot.
2562 4212 2704 4271 VII.
2755 4216 2851 4276 76.

645 4299 795 4359 infra
827 4301 960 4360 166.
1005 4298 1268 4377 Choeph.
1304 4301 1400 4357 22.
1446 4297 1699 4358 Fischer.
1731 4299 1804 4358 ad
1831 4300 2031 4360 AEsch.
2065 4302 2282 4363 Socrat.
2311 4324 2372 4382 p.
2411 4306 2542 4361 123.

736 4482 867 4536 121.
930 4462 979 4513 ³¹⁶
1000 4455 1169 4538 Ὀά.
1269 4477 1596 4557 Ιηιοῇεοιῑο
1625 4479 1885 4549 Persic„
1935 4482 2213 4557 Περσωὸν
2241 4485 2518 4560 epa-wa.
2577 4481 2772 4541 schol.
