3282 5193
1390 428 1799 505 ΠΕΡΣΑΙ.

670 639 843 714 ΧΟ.
889 639 1038 713 ποῦ
1097 629 1178 711 δὲ
1236 634 1493 738 φίλων
1552 627 1795 716 ἄλλος
1852 629 2133 740 ὅχλος;

889 767 1042 839 ποῦ
1099 759 1187 837 δέ
1238 792 1367 837 σοι
1425 757 1959 861 παραστάται;

892 883 1048 968 οἷος
1101 879 1197 984 ἦν
1254 880 1771 986 Φαρανδάκης,

1006 1008 1329 1107 Σούσας,
1392 1007 1797 1112 Πελάγων,

2580 1027 2738 1093 950

822 1132 1200 1234 Δοτάμας,
1259 1137 1371 1235 ἠδ’
1413 1133 1929 1237 Ἀγδαβάτας,
1988 1134 2320 1238 Ψάμμις,

1005 1259 1540 1362 Σουσισκάνης
1595 1297 1641 1342 τ

1003 1384 1450 1490 Ἀγβάτανα
1506 1389 1909 1491 προλιπών
1933 1420 1957 1480 ;

778 1518 945 1602 ΞΕ.
995 1513 1265 1599 ὀλοοὺς
1322 1511 1590 1595 ἔλιπον
1649 1519 1729 1595 ἐκ

549 1703 556 1708 -
661 1743 666 1748 ·
777 1641 954 1726 νεὼς
1010 1644 1290 1745 Τυρίας
1349 1637 1705 1746 ἐ’ῤῥοντας
1762 1642 1874 1722 ἐπ’
1918 1646 2005 1721 ἀ-

2216 1520 2223 1528 ¹
2323 1519 2480 1596 άντ.
2526 1515 2626 1610 β’.

2580 1657 2735 1722 955

780 1774 984 1851 κταῖς
1041 1765 1577 1866 Σαλαμινιάσι,
1639 1765 2075 1875 στυφελοῦς
2132 1771 2282 1850 Oel-

903 1908 908 1912 ’
999 1929 1266 1977 νοντας
1323 1894 1435 1973 ἐπ’
1477 1891 1734 1997 ἄκρας.

442 2165 572 2208 vam
589 2148 706 2206 vim
721 2147 948 2216 habere,
967 2155 1036 2204 ut
1051 2146 1144 2217 sit,
1162 2150 1541 2220 interrvyaw,

445 2231 605 2286 sinas
625 2227 811 2284 omnia
831 2246 900 2283 esc
918 2231 976 2283 te
991 2227 1172 2301 quoeri
1180 2251 1197 2294 3
1227 2224 1382 2302 quod
1401 2224 1546 2282 mihi

446 2305 677 2383 quidem
693 2303 1058 2362 durissimum
1078 2302 1321 2361 videtur.
1352 2305 1546 2362 ἐκπεὺ-

447 2390 545 2443 6ου
573 2401 790 2442 omnes,

525 2464 662 2524 947.
705 2466 814 2518 ποῦ’
847 2484 934 2520 σοι
971 2464 1152 2538 φίλων
1189 2459 1362 2537 ὄχλος
1391 2459 1542 2518 Rob.

445 2547 555 2601 ποῦ
600 2541 660 2600 δὲ
706 2544 888 2618 φίλων
935 2542 1112 2598 ἄλλος
1155 2541 1328 2619 ὄχλος
1373 2538 1546 2599 ceteri

444 2639 641 2679 omnes
670 2626 882 2695 praeter
915 2616 1266 2688 Schutzium‚
1289 2618 1406 2696 'qui
1434 2618 1544 2677 lec-

443 2699 659 2756 tionem
690 2696 903 2774 recepit
939 2716 974 2754 a
1005 2696 1296 2774 Stephano
1331 2715 1546 2754 memo·

443 2784 648 2843 ratam,
699 2778 807 2833 ποῦ
854 2774 917 2831 δέ
970 2798 1058 2833 σοι
1101 2780 1284 2851 φίλων
1332 2776 1542 2852 ὅχλος;

437 2874 620 2932 quam
645 2853 708 2911 in
734 2871 838 2913 suo
857 2851 1030 2911 etiam
1051 2852 1244 2911 codiee
1262 2859 1546 2930 repererat

447 2939 736 2991 enarrator
769 2928 1059 3000 metricus,
1104 2930 1168 2989 id
1201 2938 1306 3000 est,
1348 2930 1547 2989 Tricli-

446 3030 596 3071 mus.

526 3092 662 3151 950.
709 3087 886 3147 Σοΰας
917 3086 1056 3147 Ald.
1121 3087 1328 3147 Σουδας
1359 3086 1540 3145 Turn.

441 3171 532 3229 καὶ
560 3168 848 3242 Πελάγων
875 3167 1136 3245 Δοτάμας
1163 3166 1312 3225 Rob.
1356 3166 1546 3225 Πελά-

337 3271 346 3277 ·
447 3272 568 3322 γων
613 3250 704 3305 καὶ
753 3245 1013 3324 Δοτάμας
1056 3244 1246 3313 ceteri,
1293 3243 1394 3303 sed
1436 3249 1539 3302 Δο-

445 3328 632 3403 μάσας
657 3326 838 3383 Turn.

525 3409 662 3465 951.
705 3401 1044 3478 Αἶγαβάτας
1068 3400 1205 3459 Ald.
1283 3399 1546 3473 Ἀγαβά-

446 3508 542 3543 τας
569 3483 751 3542 Turn.
1115 3526 1127 3533 ,

527 3563 664 3621 952.
709 3561 799 3615 καὶ
831 3556 1208 3627 Σουσισκάνης
1231 3555 1277 3615 r’
1304 3554 1454 3613 Rob.

528 3640 666 3699 953.
708 3634 1036 3709 Ἀκβάτανα
1051 3635 1188 3694 Ald.
1218 3632 1545 3708 Ἐκβάτανα

448 3717 598 3776 Rob-
628 3715 962 3787 τᾶιιβάτανα
981 3714 1164 3773 Turn.
1206 3714 1339 3771 Vid.
1370 3732 1546 3789 supra

451 3799 543 3855 16.
588 3794 902 3869 ἆγβάτανα
922 3793 1084 3853 Med.
1129 3793 1280 3851 Dein
1299 3795 1544 3851 ἐκλιπὼν

447 3874 596 3933 Rob.
647 3874 880 3933 Schutz.
931 3878 1116 3933 λιπὼν
1162 3870 1353 3931 ceteri.
1403 3876 1541 3930 ἀπο-

445 3958 632 4012 λιπὼν
659 3952 888 4029 conjicit
907 3950 1208 4010 Burneius.
1253 3956 1542 4025 προλιπὼν

446 4052 516 4090 ex
545 4032 615 4089 L.
646 4030 852 4106 recepi.
928 4029 1009 4087 Su
1050 4048 1115 4086 ra
1148 4030 1238 4087 16.
1309 4030 1446 4088 Οἵτε
1479 4031 1541 4091 τὸ

445 4112 675 4169 Σοῦσων
733 4108 816 4179 ἠδ’
871 4112 984 4182 'Ay
1029 4106 1252 4167 ατάνων
1312 4112 1424 4165 Καὶ
1479 4110 1542 4167 τὸ

443 4190 696 4250 παλαιὸν
725 4194 963 4246 Κίσσιον
984 4188 1132 4264 ἕρκος
1164 4191 1545 4259 Προλιπόντες

447 4270 617 4345 ἔβαν.
681 4268 775 4326 cf.
801 4266 1071 4344 Sophocl.
1095 4262 1342 4323 Philoct.
1369 4268 1540 4325 1413.

447 4350 650 4426 Eurip.
669 4344 896 4405 Hecub.
925 4347 1054 4403 101.
1099 4341 1382 4402 Phoeniss.
1403 4347 1539 4405 245.

449 4424 772 4486 Parmenid.
818 4444 910 4500 ap.
952 4422 1112 4481 Sext.
1146 4420 1369 4499 Empir.
1400 4422 1542 4482 VII.

456 4511 587 4565 111.
647 4504 910 4603 Ἡλιάδες
939 4505 1142 4579 κοῦραι,
1173 4505 1544 4579 προλιποῦσαι

1644 2148 1872 2226 δώματα
1895 2151 2124 2208 Νυκτός.
2144 2148 2554 2210 Hermesianax
2562 2151 2744 2210 Aflhe-

1646 2227 1759 2285 noei
1778 2249 1838 2306 p.
1859 2231 1996 2290 597.
2017 2228 2093 2286 D.
2165 2230 2409 2288 Βοιωτὸν
2434 2234 2743 2304 ἀποπρολι-

1644 2311 1823 2365 πόντα
1854 2311 2159 2382 μέλαθρον.
2239 2306 2331 2365 Id.
2354 2307 2493 2365 ibid.
2516 2328 2579 2385 p.
2601 2310 2739 2368 598.

1648 2385 1717 2443 C.
1762 2391 1934 2444 Φοίτα
1972 2385 2017 2444 δ’
2052 2388 2263 2444 ἄλλοτε
2302 2386 2411 2462 μὲν
2453 2391 2743 2462 προλιπὼν

1648 2464 1858 2543 Σάμον,
1886 2463 1989 2522 ubi
2016 2469 2229 2522 λείπων
2259 2464 2451 2521 minus
2480 2471 2633 2522 recte
2656 2483 2743 2523 re-

1645 2549 1919 2681 l{epm-um:
1950 2539 2333 2603 Ruhnkenius
2368 2549 2425 2602 et
2462 2542 2743 2623 Schweig-

1688 2641 1892 2682 oeuflel’·

1728 2728 1865 2785 954.
1923 2729 2210 2784 ἀπέλιπον
2270 2742 2467 2783 omnes
2532 2731 2744 2801 praeter

1648 2802 1796 2860 Rob.
1842 2810 1900 2861 et
1942 2804 2206 2880 deinceps
2250 2809 2454 2878 Τυρίας
2500 2805 2563 2860 ἐκ
2610 2804 2743 2861 ναὸς

1645 2879 1777 2939 libri
1816 2881 2080 2949 universi,
2114 2880 2225 2939 nisi
2254 2881 2410 2958 quod
2445 2880 2743 2939 Robortel-

1647 2958 1737 3017 lus
1780 2958 1995 3017 omittit
2036 2962 2117 3018 ἐκ.
2201 2958 2483 3017 Burneius
2514 2977 2741 3017 versum

1645 3036 1976 3115 hujusmodi
2044 3037 2303 3106 confecit,
2378 3040 2473 3107 Οἵ,
2547 3036 2742 3096 ὀλοοῦς

1645 3119 1929 3175 ἀπέλιπον
1978 3118 2255 3176 ναόςΞὲκ
2287 3122 2490 3193 Τυρίας
2516 3140 2567 3175 κ.
2598 3142 2648 3175 τ.
2678 3122 2739 3175 λ.

1647 3194 1876 3253 Mutavi
1909 3197 2037 3255 ναὸς
2069 3196 2132 3253 in
2162 3199 2318 3255 νεώς.
2405 3195 2540 3253 Vid.
2572 3213 2745 3273 supra

1644 3272 1719 3329 ad
1743 3292 1800 3331 v.
1833 3277 1970 3333 318.
2053 3274 2161 3333 Est
2202 3293 2335 3334 vero
2368 3275 2432 3333 in
2468 3274 2581 3332 hoe
2614 3274 2741 3333 loco

1641 3352 2119 3429 monosyllabum.

1727 3455 1863 3512 956.
1910 3457 2271 3534 Σαλαμινῇσι
2298 3450 2435 3510 Ald.
2490 3456 2742 3529 Σαλαμι-

1648 3537 1765 3588 νῒσι
1782 3530 1931 3588 Rob.
1952 3531 2041 3588 M.
2063 3530 2364 3589 Bumeius.
2400 3536 2742 3607 Σαλαμινίσι

1646 3608 1835 3667 ceteri.
1888 3608 2210 3667 Genuinam
2230 3609 2470 3667 formam
2490 3610 2744 3687 reposuit

1646 3685 1881 3745 Schutz.
1940 3688 2223 3745 Dicebant
2249 3689 2625 3767 Σαλαμινίδες
2651 3690 2742 3747 vel

1647 3766 2077 3845 Σαλαμινιάδες,
2126 3785 2241 3824 non
2288 3776 2439 3826 certe
2491 3774 2742 3847 Σαλαμι-

1648 3844 1813 3904 umes.
1899 3845 1992 3905 Sic
2028 3851 2115 3904 λει
2164 3845 2357 3905 ωνίδες
2392 3854 2450 3905 et
2480 3852 2741 3926 λειμωνι-

1644 3925 1773 3983 άδες
1802 3922 2071 4001 Sophocl.
2142 3924 2255 4003 jac.
2290 3928 2425 3985 602.
2490 3926 2737 3985 Philoct.

1654 4006 1823 4061 1454.
1867 4004 2115 4079 κρηνίδες
2142 4010 2200 4061 et
2228 4001 2532 4078 κρηνιάδες.
2603 4004 2737 4064 Vid.

1644 4080 2012 4141 Valckenaer.
2041 4082 2115 4140 ad
2140 4083 2429 4143 Theocrit.
2460 4083 2511 4141 Ι.
2544 4087 2642 4141 22.

1721 4187 1878 4243 Ibid.
1924 4192 2201 4261 στυφέλου
2256 4186 2387 4245 edd.
2435 4193 2550 4245 vet.
2615 4211 2741 4246 στυ-

1641 4264 1843 4339 φελοῦς
1866 4264 1945 4322 Ν.
1966 4263 2131 4322 Colb.
2158 4270 2208 4322 1.
2230 4264 2485 4323 Brunck.
2506 4264 2737 4326 Schutz.

1646 4344 1795 4401 Dein
1822 4346 2097 4403 θανόντας
2124 4343 2260 4401 Ald.
2290 4344 2469 4403 Turn.
2502 4342 2707 4421 Steph-

1726 4424 1861 4484 957.
1905 4428 2097 4480 ἀκταῖς
2140 4421 2276 4480 Ald.
2311 4422 2490 4481 Turn.
2533 4422 2736 4501 Steph.

1643 4504 1811 4559 ἀκτὰς
1829 4500 1978 4559 Βοῑ).
1998 4504 2165 4560 ἀκτᾶς
2182 4500 2341 4561 Med.
2362 4502 2451 4562 M.
2473 4506 2523 4561 l.
2544 4502 2739 4565 Guelf.
