3282 5193
569 415 671 487 66
1451 413 1986 490 ΑΙΣΧΥΛΟΥ

903 624 1165 719 πρῶτα
1218 614 1356 717 μὲν
1417 616 1815 717 εὐδοκίμου
1879 652 2189 719 στρατι-

908 751 994 826 ‹is-
1050 745 1615 849 ἀπεφαίνομεὸ,
1678 743 1808 844 ἠδὲ
1864 779 1982 824 νο-

2449 620 2608 696 ἀντ.
2659 613 2752 694 α’.

2711 757 2863 821 865

1128 871 1468 969 μίσματα
1524 868 1857 972 πύργινα

1132 993 1348 1074 πάντ’
1394 992 1734 1075 εὔθυνον.

688 1118 948 1200 νόστοι
1007 1120 1068 1198 δ’
1113 1122 1195 1199 ἐκ
1250 1121 1605 1220 πολέμων
1663 1119 2018 1221 ἀπόνους,
2073 1127 2386 1209 ἀπαθεῖς

1134 1243 1398 1294 *ik*
1507 1245 1540 1280 ⁹

1728 1247 1751 1275 Ι

1460 1284 1541 1327 ευ
1593 1284 1848 1352 πρασ-

1023 1408 1302 1458 σοντας
1360 1369 1548 1476 ἆγον
1603 1377 1876 1461 οἴκους.

911 1494 1159 1582 ὅσσας
1216 1500 1279 1577 δ’
1326 1499 1481 1578 εἷλε
1539 1501 1822 1599 πόλεις,
1876 1500 2114 1603 πόρον

2714 1389 2870 1466 870

2436 1535 2611 1602 στρ.
2658 1500 2758 1591 β’.

798 1627 885 1703 οὐ
943 1624 1209 1717 διαβὰς
1234 1621 1523 1710 Ἀλυος
1582 1635 1973 1726 ποταμοῖο,

656 1822 792 1878 865.
836 1821 1277 1896 ἆποφαινόμεσθ
1329 1820 1464 1878 Ald.
1518 1821 1669 1880 Rob.

577 1899 1206 1976 Τυτη.ἀπεφαινόμεσθ’
1223 1899 1311 1955 Μ.
1324 1903 1381 1956 2.
1403 1905 1436 1968 ἢ
1454 1899 1514 1956 δὲ
1532 1899 1668 1957 Ald.

658 1979 795 2035 866.
841 1983 1047 2053 νόμιμα
1105 1983 1173 2036 τὰ
1236 1978 1485 2051 πύργινα
1539 1977 1671 2035 edd.

577 2055 752 2114 MSS.
776 2076 906 2133 quae
927 2055 1165 2126 feliciter
1191 2057 1511 2114 emendavit
1528 2057 1678 2114 Her-

574 2153 820 2192 mannus
839 2134 897 2190 in
922 2132 1146 2191 Comm.
1167 2134 1237 2192 de
1246 2135 1419 2192 Metr.
1443 2134 1674 2191 Pindar.

574 2232 635 2290 p.
674 2215 726 2274 7.
757 2231 925 2290 quem
954 2230 1177 2289 sequor.

656 2293 794 2354 867.
866 2292 1174 2350 ἑπεὺθυνον
1228 2290 1359 2348 edd.
1443 2289 1679 2349 εὔθυνον

576 2368 741 2426 colb.
780 2372 831 2426 1.
914 2368 1047 2427 vid.
1078 2388 1250 2446 supra
1284 2369 1358 2427 ad
1384 2372 1521 2428 860.
1605 2370 1679 2426 In

578 2446 845 2524 Sophocl.
897 2447 1031 2504 OEd.
1084 2448 1154 2505 T.
1213 2451 1343 2506 104.
1412 2448 1675 2525 legerem,

576 2533 710 2596 πρίν
780 2550 845 2583 σε
893 2525 1041 2594 τήνδ’
1096 2529 1424 2584 ἒπευθὺνειν
1484 2532 1675 2583 πόλιν.

575 2604 764 2681 Vulgo
806 2606 1164 2663 ἀπευθύνειν.

656 2684 793 2741 869.
837 2683 1148 2760 Dactylum
1188 2681 1459 2740 excidisse
1491 2682 1680 2739 obser-

574 2766 671 2817 vat
726 2760 1028 2819 Bumeius.
1078 2766 1220 2838 ὴμᾶς
1260 2780 1326 2818 ex
1370 2760 1562 2819 codice
1603 2760 1675 2817 B.

575 2838 813 2896 inseruit
841 2839 1095 2898 Brunck.

657 2919 794 2979 870.
838 2920 1167 2991 πράσσοντα
1222 2917 1369 2975 Rob.
1424 2920 1572 2992 ἄγον
1621 2920 1678 2975 ἐς

577 2997 757 3052 οἴκους
802 2995 939 3053 Ald.
994 2996 1141 3054 Rob.
1213 2993 1359 3068 ἆγον
1402 2999 1457 3053 ἐς
1499 2999 1676 3054 οἴκους

576 3073 755 3129 Turn.
789 3072 989 3149 Steph.
1022 3074 1195 3130 MSS.
1238 3077 1294 3131 ἐς
1322 3074 1512 3130 omisit
1540 3075 1678 3131 Por-

577 3169 767 3208 sonuS.
894 3150 1086 3207 Metro
1131 3150 1479 3208 satisfaceret
1511 3150 1676 3208 lectio

574 3226 921 3305 hujusmodi,
954 3232 1186 3303 ἄγαγον
1218 3227 1283 3287 εὖ
1317 3230 1676 3305 πράσεσον-

576 3332 673 3364 τας
697 3307 866 3365 οἷκᾶδ’
891 3311 1053 3384 ἡμᾶς.

658 3388 794 3448 871.
864 3387 999 3444 ὅσας
1048 3384 1185 3444 edd.
1287 3385 1458 3443 ὅσσας
1511 3384 1674 3443 Med.

579 3464 859 3522 Burneius
900 3466 1120 3523 confert
1160 3464 1333 3523 ὅσσον
1372 3464 1432 3521 in
1473 3458 1675 3541 Eurip.

579 3543 782 3619 Suppl.
814 3547 910 3603 59.
938 3552 1001 3602 et
1041 3547 1247 3602 τόσσον
1287 3543 1495 3620 Agam.
1544 3546 1674 3601 140.

576 3621 845 3696 Sophocl.
874 3621 1036 3697 Ajac.
1076 3625 1206 3679 185.
1251 3642 1381 3698 quae
1422 3620 1682 3696 exempla

575 3716 770 3754 vereor
796 3716 868 3753 ne
893 3698 954 3754 in
975 3698 1212 3755 dubium
1228 3698 1413 3755 vocari
1435 3699 1675 3772 possint.

576 3773 868 3849 Euripidis
894 3773 1053 3832 locus
1079 3775 1174 3832 hic
1214 3782 1316 3843 est,
1363 3775 1529 3831 Mer-ci
1573 3778 1676 3834 νῦν

578 3852 667 3909 δὸς
705 3854 827 3928 ἐμοὶ
866 3852 1320 3917 σᾶςεδιανοῖας,
1368 3854 1603 3928 μετάδος
1632 3853 1677 3911 δ’

574 3936 832 3989 ὅσεσον
872 3934 1111 4004 ἐπαλγῶ
1143 3938 1325 4008 μελέα
1362 3938 1676 4007 τῶνΞφθι-

573 4016 782 4088 μένων,
858 4011 947 4068 οὓς
1022 4013 1231 4069 ἔτεκον.
1350 4009 1676 4068 certissime

573 4107 787 4167 repono
851 4088 1085 4167 μετάδος
1138 4089 1183 4147 δ’
1235 4089 1382 4147 οἷσιν
1436 4092 1677 4163 ἐπαλγῶ

574 4174 774 4245 μελέα,
802 4191 854 4225 κ.
887 4194 935 4226 r.
965 4173 1023 4225 λ.
1136 4168 1208 4226 In
1244 4168 1674 4245 Agamemnone

573 4251 741 4305 τόσον
794 4255 977 4304 metro
1031 4246 1355 4305 satisfaciet.
1442 4247 1514 4304 In
1570 4246 1671 4303 So-

571 4325 791 4401 phociis
831 4324 957 4383 loco
997 4329 1165 4384 τόσον
1192 4324 1461 4383 exhibent
1494 4324 1669 4382 MSS.

572 4404 706 4461 Bar.
744 4408 795 4460 1.
828 4403 1011 4461 Laud.
1054 4404 1283 4481 Mosqq.
1316 4402 1521 4461 Dresd.
1551 4405 1674 4460 Au-

569 4489 725 4559 gust.
772 4481 964 4540 Suidae
993 4482 1124 4540 MS.
1156 4490 1213 4541 et
1240 4481 1369 4541 edd.
1454 4481 1674 4539 Locum

1771 1822 1943 1899 vulgo
1985 1821 2132 1879 male
2176 1820 2525 1878 intellectum
2563 1819 2642 1878 sic
2669 1821 2875 1879 consti-

1771 1907 1892 1968 tue,
1935 1899 2157 1959 Οὔποτε
2200 1898 2310 1976 γὰρ
2353 1903 2626 1976 φρενὸθεν
2680 1905 2736 1973 γ’
2791 1905 2876 1957 ἐπ’

1774 1981 2054 2055 ἀριστερά,
2129 1985 2245 2036 Παῖ
2312 1984 2667 2054 Τελαμῶνος,
2736 1979 2875 2051 ἔβας
2949 2002 2954 2006 ’

1761 2057 1878 2115 *Ar
1896 2063 2061 2116 τόσον
2093 2064 2354 2134 ποίμναις
2371 2063 2602 2114 πίτνων.
2685 2059 2879 2115 Aliter

1779 2139 1939 2205 enim,
1980 2157 2261 2211 nunquam
2307 2157 2371 2193 eo
2407 2138 2648 2192 insaniae
2677 2155 2878 2210 perve-

1776 2219 1974 2272 nisses.
2014 2214 2468 2272 subaudiendum
2495 2217 2703 2281 ἄλλως,
2728 2221 2791 2270 ut
2818 2214 2880 2271 in

1781 2293 1915 2351 OEd.
1947 2294 2017 2351 T.
2049 2295 2146 2350 82.
2177 2295 2315 2351 318.
2359 2297 2422 2350 οὗ
2466 2293 2577 2367 γάρ
2621 2295 2695 2350 ἂν
2739 2293 2879 2369 δεῦρ’

1781 2373 1997 2446 ἱκόμην.
2055 2371 2189 2427 OEd.
2211 2369 2336 2428 Col.
2371 2374 2620 2430 99.143.
2662 2370 2874 2428 Electr.

1779 2454 1916 2508 323.
1958 2449 2156 2525 Eurip.
2180 2447 2396 2524 Iph.T.
2419 2450 2587 2505 1201.
2619 2447 2720 2505 Or.
2741 2451 2873 2509 705.

1781 2529 1979 2584 Nostri
2008 2526 2301 2584 Prometh.
2341 2529 2508 2584 1019.
2575 2525 2873 2603 Aristoph.

1781 2606 1937 2664 Plut.
1988 2608 2124 2667 427.
2207 2604 2472 2682 Thucyd.
2502 2604 2644 2660 VII.
2677 2608 2772 2661 51.
2812 2607 2877 2662 οὐ

1781 2685 1893 2759 γάρ
1929 2683 2005 2742 ἂν
2042 2685 2141 2743 τὸν
2179 2686 2419 2741 ἔκπλουν
2447 2682 2874 2755 ἐπιβουλεῦσαι.

1777 2762 1837 2820 in
1866 2764 2071 2842 quibus
2098 2761 2361 2819 omnibus
2379 2761 2518 2819 locis
2538 2762 2879 2819 conveniunt

1778 2841 2074 2918 particulae
2099 2844 2163 2897 οὓ
2193 2840 2304 2916 γὰρ
2325 2844 2419 2898 ἄν.
2451 2840 2618 2897 Conf.
2643 2839 2878 2898 Valcke-

1778 2939 1931 2977 naer.
1982 2920 2056 2977 ad
2104 2919 2382 2976 Herodot.
2437 2939 2498 2995 p.
2554 2920 2693 2977 469.
2807 2918 2878 2974 In

1779 2997 1980 3074 Eurip.
2035 2997 2244 3053 Troad.
2297 3000 2427 3058 770.
2512 2995 2878 3072 Musgravius

1779 3074 1937 3131 dedit
1968 3092 2037 3131 ex
2077 3074 2380 3140 codicibus,
2423 3076 2603 3131 Φόνου
2640 3098 2718 3141 τε,
2764 3080 2879 3131 Θα-

1782 3155 1949 3209 νάτου
1991 3156 2056 3219 θ’,
2104 3152 2211 3208 ὅσα
2257 3175 2318 3209 τε
2365 3156 2443 3224 γῆ
2482 3158 2666 3226 τρέφει
2716 3153 2874 3210 κακά.

1774 3231 2051 3305 probante
2073 3230 2344 3287 Porson0.
2384 3230 2666 3306 Equidem
2691 3229 2879 3307 legen-

1778 3308 1915 3365 dum
1944 3308 2186 3366 arbitror
2212 3309 2362 3365 ἅσσα
2390 3314 2468 3382 γῆ
2503 3314 2689 3380 τρέφει
2716 3312 2874 3367 κακά.

1778 3386 1911 3444 Vid.
1943 3388 2178 3445 Porson.
2203 3386 2276 3443 ad
2297 3386 2496 3462 Eurip.
2520 3387 2723 3463 Suppl.
2738 3391 2874 3446 594.

1779 3465 1879 3523 ubi
1905 3464 2076 3523 etiam
2105 3465 2254 3523 ἅσσα
2284 3465 2507 3542 reponit
2526 3466 2586 3521 in
2609 3465 2874 3541 Sophocl.

1781 3543 2027 3602 Philoct.
2050 3542 2381 3612 523.'A6>.’,
2404 3544 2548 3601 ὅσσα
2563 3543 2752 3619 μηδεὶς
2768 3548 2878 3602 τῶν

1779 3625 1928 3758 ἐεὲῑ
1952 3623 2512 3757 zesimus&
2530 3622 2733 3758 ”03332
2760 3642 2878 3759 Ἑξ-

1780 3778 1965 3835 Koen.
1986 3778 2060 3833 ad
2089 3776 2326 3853 Gregor.
2359 3796 2417 3853 p.
2450 3720 2587 3835 280.
2619 3777 2710 3835 ed.
2741 3798 2872 3836 nov.

1777 3853 2027 3911 Lobeck.
2052 3854 2124 3910 ad
2146 3854 2307 3931 Ajac.
2332 3873 2392 3930 p.
2413 3856 2549 3916 327.
2608 3854 2874 3913 Ceterum

1776 3932 1932 3989 hunc
1948 3951 2173 3989 versum
2191 3940 2250 3989 et
2271 3931 2527 4009 proxime
2544 3942 2876 4009 sequentem

1775 4010 2068 4087 conjungit
2115 4011 2415 4069 BurneiUS.
2485 4015 2646 4068 πόλις
2692 4011 2870 4067 Turn.

1775 4088 1975 4164 steph.

1856 4169 1992 4230 872.
2074 4172 2326 4244 ποταμοῦ
2385 4166 2514 4224 edd.
2601 4175 2875 4243 ποταμοῖο

1775 4245 2074 4303 Bumeius.
2158 4246 2288 4304 Vid.
2317 4244 2388 4302 ad
2418 4245 2710 4303 Prometh.
2736 4249 2871 4304 542.

1774 4325 2070 4401 ποτᾶμοῦἴ
2116 4325 2208 4401 ἀφ’
2246 4327 2429 4382 ἑστίας
2475 4323 2655 4381 Turn.
2697 4332 2754 4382 et
2797 4325 2877 4382 sic

1775 4402 1890 4472 fere
1935 4403 2003 4462 C.
2091 4408 2342 4479 ποταμοῦ
2383 4402 2438 4475 γ’
2479 4402 2567 4459 Μ.
2626 4407 2676 4460 l.
2762 4402 2873 4460 Pro

1763 4480 1973 4541 Ἀλυος
2017 4482 2338 4560 Stephanus
2365 4484 2599 4550 ”Αλους,
2638 4482 2876 4540 Vossius

3273 199 3276 224 —
3269 89 3276 130 ..μ
