3282 5193
1299 439 1734 522 PRAEFATIO.
2560 442 2664 493 xv

287 625 298 638 ’
362 615 635 704 Persae,
673 615 1198 704 Prometheus,
1237 616 1547 716 Septem
1591 620 1857 692 contra
1897 617 2215 704 Thebae,
2253 617 2661 716 Agamem-

358 764 536 829 non,
609 741 1060 840 Choephori,
1131 742 1614 817 Eumenides.
1744 744 1845 816 In
1910 743 2141 817 tertio
2208 742 2377 818 loco
2442 745 2665 843 posui

359 866 814 940 Promethea
863 865 1258 953 Vinctum,
1298 866 1514 964 cujus
1567 865 1985 964 Prologum
2039 869 2197 940 tres
2250 865 2663 942 minimum

357 989 764 1064 histriones
789 990 1138 1088 agebant,
1165 990 1345 1088 quia
1376 991 1715 1088 ejusdem
1747 1015 1927 1070 cum
1962 990 2213 1065 Persis
2237 992 2663 1090 tetralogiae

355 1139 532 1214 pars
565 1119 730 1190 erat
755 1116 1257 1190 Prometheus
1285 1116 1708 1211 vaxaeu'm*,
1732 1115 1997 1190 drama
2025 1116 2464 1214 satyricum,
2491 1138 2663 1214 quae

357 1240 599 1314 veluti
631 1238 990 1336 praelusio
1022 1237 1258 1311 fuisse
1288 1237 1638 1312 videatur
1678 1239 1776 1312 ad
1820 1262 2088 1335 graves
2128 1239 2317 1318 istas
2356 1261 2447 1314 ac
2488 1239 2662 1314 sub-

355 1363 577 1437 limes
621 1361 1052 1460 tragoedias,
1092 1383 1266 1459 quae
1305 1384 1352 1434 a
1385 1361 1841 1469 Prometbeo
1886 1384 2171 1436 nomen
2202 1360 2659 1436 habuerunt.

356 1489 567 1562 Ante
620 1487 1198 1584 Agamemnona
1255 1487 1459 1559 certe
1510 1484 1907 1582 ponendus
1962 1487 2081 1559 est
2136 1485 2660 1573 PrometheuS,

356 1611 537 1708 quia
562 1609 986 1708 AEschylus,
1012 1607 1276 1683 statim
1298 1611 1471 1707 post
1491 1609 2075 1706 Agamemnona
2099 1611 2384 1698 actum,
2414 1609 2663 1684 solum

354 1734 670 1810 vertisse
703 1732 1006 1809 dicitur.
1097 1732 1243 1806 Sed
1265 1733 1351 1807 in
1374 1733 1518 1808 hac
1554 1734 1977 1831 quaestione
2010 1733 2366 1807 nonnihil
2401 1735 2661 1810 subest
2758 1804 2766 1812 ,

359 1857 870 1944 difficultatis3
927 1857 1222 1932 diversa
1275 1858 1483 1932 enim
1541 1882 1589 1932 a
1643 1858 1957 1932 diversis
2014 1857 2510 1956 scriptoribus
2570 1860 2662 1934 de

357 1982 697 2080 AEschyli
721 1981 949 2056 exilio
969 1981 1208 2056 relata
1231 1986 1436 2058 sunt.
1524 1983 1971 2081 Antequam
1989 1983 2087 2056 ad
2108 1982 2261 2056 alia
2284 1983 2659 2075 accedM,

355 2109 747 2183 videamus
785 2105 1039 2180 Suidae
1071 2106 1323 2196 verba,
1364 2108 1497 2205 qui
1527 2110 1794 2183 narrat
1828 2131 2007 2182 eum
2046 2107 2326 2183 idcirco
2358 2107 2445 2180 in
2478 2108 2660 2183 Sici-

356 2232 543 2307 liam
564 2231 1041 2328 demigrasse,
1072 2234 1298 2328 quod,
1324 2232 1510 2307 dum
1542 2233 1886 2308 fabulam
1911 2233 2325 2322 exhiberet,
2353 2237 2663 2308 ruerent

358 2356 758 2443 subsellia3
815 2357 917 2428 διὰ
948 2358 1034 2428 τό
1070 2362 1294 2429 πεσεῖν
1322 2361 1409 2430 τὰ
1446 2358 1622 2454 ἰκρία
1661 2358 2179 2448 ἐπιδεικνυμένου
2216 2363 2452 2446 αὐτοῦ,
2490 2382 2662 2456 quae

359 2481 767 2571 Stauleius,
841 2481 1222 2580 Scaligero
1290 2479 1718 2570 obsecutus,
1792 2482 1901 2558 sic
1966 2483 2517 2581 interpretatur
2542 2510 2665 2556 :—

360 2610 796 2684 “Subsellia
814 2606 1196 2704 fromyere
1230 2605 1620 2685 dicebatur
1663 2608 1797 2706 qui
1829 2631 1988 2682 non
2022 2608 2259 2698 stetit,
2298 2608 2428 2683 sed
2468 2608 2663 2684 exci-

357 2732 520 2821 dit;
573 2733 720 2807 hoc
764 2734 880 2806 est
924 2754 1082 2805 non
1124 2731 1491 2829 1113611113.υ
1598 2733 1702 2806 In
1752 2756 1981 2831 quem
2026 2757 2358 2808 errorem
2402 2735 2662 2807 tantos

355 2856 702 2931 homines
742 2854 1096 2930 incidisse
1140 2854 1396 2929 miror.
1503 2856 1883 2954 Equidem
1932 2857 2128 2931 nihil
2178 2858 2384 2955 apud
2432 2858 2661 2956 scrip-

355 2984 558 3057 tores
596 2980 900 3057 Graeoos
944 2978 1226 3067 inveni,
1265 2979 1471 3075 quod
1512 2978 1698 3055 huic
1740 2979 2354 3078 interpretationi
2385 2980 2659 3056 faveat.

361 3104 725 3195 Quinimo
758 3102 1034 3177 falsam
1083 3126 1246 3178 esse
1294 3102 1739 3202 planissime
1790 3102 2422 3181 demonstrabunt
2467 3107 2659 3205 ejus-

359 3231 533 3305 dem
569 3228 824 3303 Suidae
847 3228 1122 3305 'eadem
1147 3227 1304 3301 fere
1325 3228 1554 3303 verba
1577 3228 1663 3301 in
1681 3252 1753 3303 v.
1784 3233 2144 3325 Πρατίνας,
2169 3233 2373 3305 unde
2406 3232 2662 3329 colligi

355 3351 552 3430 forte
598 3355 853 3451 potest
890 3353 1094 3427 hanc
1139 3353 1658 3428 calamitatem
1710 3352 1862 3428 isto
1902 3357 2245 3455 tempore
2304 3355 2662 3430 accidisse

356 3504 508 3579 quo
533 3477 934 3575 AEschylus
969 3500 1148 3551 cum
1182 3477 1496 3550 Pratina
1521 3478 1869 3551 certaret.
1951 3482 2661 3573 Πρατίνας-ποιητὴς

357 3603 760 3703 τραγῳδίας.
823 3600 1308 3697 ἆντηγωνίζετο
1367 3600 1438 3672 δὲ
1493 3600 1823 3699 Αἷσχΰλῳ
1887 3634 1967 3674 τε
2029 3601 2135 3673 καὶ
2192 3602 2499 3698 Χοιρίλῳ
2555 3602 2661 3675 ἐπὶ

357 3735 478 3813 τῆο
516 3728 1022 3820 ἑβδομηκοστῆς
1055 3725 1539 3819 Ὀλυμπιᾶὃοα,
1573 3725 1681 3799 καὶ
1715 3731 1972 3822 πρῶτοο
2008 3728 2263 3824 ἔγραψε
2296 3730 2656 3824 Σατΰρους.

359 3855 878 3941 ἐπιδεικνυμένου
927 3852 1001 3924 δὲ
1038 3854 1316 3938 τοῦτου,
1354 3851 1600 3944 συνέβη
1614 3853 1727 3923 ’τὰ
1764 3850 1963 3948 ἰκρία,
2006 3849 2122 3947 ἐφ’
2154 3850 2249 3927 οἷς
2293 3852 2663 3933 ἐστ-ἥκεσαν

359 3980 422 4051 οἶ
453 3979 708 4067 θεαταί,
734 3983 988 4050 πεσεῖν.
1039 3974 1144 4049 καὶ
1172 3976 1250 4047 ἐκ
1279 3954 1530 4049 τοῦτου
1555 3979 1840 4072 θέατρον
1860 3975 2246 4070 ᾠκοδομῆθη
2273 3955 2657 4059 Ἀθῇναίοια.

358 4103 726 4179 Libanius
774 4099 1136 4198 Sophista'
1170 4099 1257 4171 in
1301 4099 1624 4196 Argum.
1665 4098 1763 4171 ad
1795 4099 2191 4173 Demosth.
2230 4099 2545 4197 Olynth.
2586 4099 2655 4171 Ι.

363 4231 509 4301 Οὔκ
571 4228 766 4299 ὄντος
825 4225 910 4298 τό
971 4226 1254 4297 παλαιὸν
1311 4226 1593 4320 θεάτρου
1647 4224 1901 4297 λιθίνου
1963 4224 2122 4317 παρ’
2176 4224 2425 4304 αὐτοῖς,
2476 4222 2661 4294 ἀλλὰ

1175 4477 1209 4513 *
1254 4476 1495 4553 Argum.
1528 4460 1601 4534 ad
1629 4477 1850 4535 Persas,
1947 4557 1955 4565 κ
