3282 5193
1292 404 1383 458 IN
1419 403 1732 458 PERSAs.
2469 385 2616 465 167

416 580 1077 750 Τῇ9ἓ7.31’ἑῖγύγιος.
1178 608 1591 685 Per-antiquus.
1676 606 1808 666 Vid.
1851 623 2024 684 supra
2074 609 2170 672 71.
2257 608 2509 668 Glossar.
2555 609 2617 669 in

512 700 543 750 θ’
588 735 602 750 .
758 735 771 749 .

496 833 630 892 969.
691 812 1046 894 Πίτυλος.
1128 835 1313 893 Sonus
1355 837 1453 911 qui
1492 855 1529 893 a
1571 837 1773 893 erebra
1811 837 2147 912 pulsatione
2185 839 2392 896 oritur.
2477 837 2609 898 Vid.

417 918 667 977 Glossar.
698 919 759 976 in
786 919 971 978 Theb.
1004 923 1141 979 855.

496 1062 633 1122 970.
688 1036 1112 1140 Ἀπαίρω.
1197 1064 1491 1121 Rezuetor.
1560 1063 1827 1140 Palpito.
1899 1051 2609 1125 Sch01.venet.ad'1na‹1.

416 1152 479 1203 Σ.
511 1148 649 1208 572.
694 1147 757 1205 τὸ
783 1149 892 1223 μὲν
922 1145 1026 1207 οὖν·
1062 1155 1337 1223 σπαίρειν,
1371 1153 1622 1228 ἄμουσόν
1662 1175 1788 1209 τινα
1830 1150 1993 1220 δηλοῖ
2027 1155 2268 1221 κίνησιν,
2301 1152 2332 1209 ὃ
2368 1155 2518 1210 τινὲς
2546 1155 2612 1211 ἐν

415 1237 607 1314 ίχθίισι
651 1241 742 1296 καὶ
784 1241 861 1317 τῷ
895 1238 1172 1319 δεδεμένῳ
1198 1239 1299 1314 βοῒ
1325 1240 1708 1319 λαμβάνουσι.
1753 1262 1885 1320 quae
1913 1241 2210 1318 exscripsit
2237 1242 2615 1322 Etymologufl

414 1347 474 1404 p.
509 1330 641 1397 722,
672 1331 773 1389 54.
856 1329 969 1388 Sed
995 1331 1297 1408 legendum
1328 1335 1575 1410 ἄκοσμον
1595 1352 1702 1410 pro
1726 1335 1995 1410 ἄμουσον.
2082 1333 2320 1391 Homer.
2346 1333 2512 1392 Iliad.
2545 1343 2612 1394 Γ.

416 1422 553 1479 292.
597 1418 652 1490 ἦ,
692 1424 779 1478 καὶ
823 1424 937 1479 ἀπὸ
982 1422 1299 1502 στομάχους
1331 1428 1518 1499 ἀρνῶν
1559 1419 1702 1502 τοίμε
1741 1431 1907 1495 νηλέῖ
1942 1428 2162 1503 χαλκῷ·
2211 1429 2320 1482 Καὶ
2359 1424 2475 1486 τοὺς
2505 1428 2615 1504 μὲν

414 1515 718 1582 κατέθηκεν
744 1515 836 1571 ἐπὶ
865 1515 1073 1590 χθονὸς
1099 1519 1499 1592 ἀσπαίροντας,
1533 1522 1729 1595 Θυμοῦ
1751 1517 2099 1596 δευομένους.
2145 1515 2358 1593 OdySS.
2380 1524 2450 1576 Θ.
2472 1520 2610 1578 526.

414 1607 448 1672 ἡ
464 1604 575 1682 μὲν
595 1605 693 1664 τὸν
708 1609 1024 1676 θνῆσκοντα
1043 1612 1132 1665 καὶ
1153 1612 1502 1682 ἀσπαίροντα
1526 1609 1742 1667 ἰδοῦσα.
1773 1608 2071 1686 Euphorio
2088 1608 2243 1686 apud
2263 1609 2424 1668 Stob.
2447 1610 2611 1669 LIX.

412 1713 475 1770 p.
509 1697 643 1758 227.
690 1698 788 1754 τὸν
817 1697 861 1756 δ’
888 1700 1143 1774 ἐκάλυψε
1172 1699 1438 1759 θάλασσα
1467 1705 1836 1778 λιλαιόμενοι·
1873 1699 2107 1774 βιότοιο.
2167 1703 2276 1757 Καὶ
2313 1702 2364 1758 οἷ
2404 1705 2616 1779 πήχεες

414 1789 572 1859 ἄκροι
608 1787 1015 1868 ὖπερφαίνοντο
1055 1796 1319 1851 ταθέντες
1344 1792 1560 1871 Ἀχρεΐ
1587 1798 1959 1870 ἀσπαίροντες
1997 1792 2134 1850 ἁλὸς
2179 1793 2613 1852 Δολοπιονίδαο.

420 1876 611 1955 Vulgo
652 1899 950 1957 perperam
998 1882 1208 1960 legitur
1245 1885 1415 1960 ἄκρον
1452 1883 1883 1962 ὖπερβαίνοντο,
1924 1891 1981 1942 et
2023 1885 2146 1943 ἅλις
2186 1885 2617 1944 Δολοπιονίδαο.

418 1966 532 2026 Sed
558 1971 965 2050 ύπερφαίνοντο
1000 1972 1407 2032 TrincaveIIUS.
1492 1975 1694 2052 Eurip.
1725 1976 1937 2032 Electr.
1971 1977 2108 2031 842.
2169 1977 2245 2031 εἶς
2277 1975 2618 2050 σφονδύλους

417 2064 639 2130 ἔπαισε,
672 2072 924 2132 νωτιαῖα,
960 2064 1308 2142 δὲ”Εῤῥηξεν
1350 2067 1551 2141 ἄρθρα·
1596 2072 1713 2125 πᾶν
1756 2067 1818 2124 δὲ
1862 2066 1997 2142 σῶμ’
2035 2068 2154 2123 ἅνω
2196 2063 2620 2125 κα’τω”Ησπαι-

414 2177 533 2228 ρεν,
563 2155 841 2226 ἠλάλαζε,
873 2145 1220 2229 δυσθνῆσκον
1252 2160 1422 2238 φόνῳ.
1507 2158 1791 2217 Herodot.
1823 2158 1875 2215 Ῑ.
1909 2161 1967 2216 3.
2013 2160 2150 2233 ὁρέω
2189 2157 2365 2216 παῖδα
2406 2165 2619 2233 προκεί-

415 2269 609 2322 μενον,
629 2251 911 2324 ἀσπαῖρόν
941 2275 1003 2309 τε
1031 2254 1119 2307 καὶ
1150 2253 1629 2327 κραυγανόμενον.
1717 2250 1805 2308 De
1824 2248 2041 2306 infante
2069 2248 2240 2307 etiam
2269 2249 2508 2308 Homer.
2531 2250 2615 2309 Η.

416 2337 612 2414 Apoll.
652 2343 781 2398 128.
868 2340 1070 2399 Paullo
1114 2341 1313 2400 durius
1348 2339 1500 2399 idem
1527 2340 1588 2399 in
1615 2340 1793 2399 VIII.
1827 2343 1884 2398 5.
1928 2339 2287 2416 Ἀδείμαντος
2319 2340 2620 2416 γιὶρ-τῶν

416 2433 633 2486 λοιπῶν
674 2433 915 2507 ἤσπαιρε
957 2438 1178 2510 μοῦνος,
1217 2432 1619 2491 reluctabatur
1641 2456 1660 2489 .-
1703 2431 1805 2489 ubi
1838 2429 1957 2487 vid.
1986 2430 2359 2488 Valckenaer.
2390 2430 2617 2489 Gallim.

418 2519 502 2578 Η.
550 2520 719 2580 Dian.
772 2527 905 2582 150.
950 2528 1154 2601 ταῦρον
1188 2524 1266 2582 ὅτ’
1303 2525 1366 2582 ἐκ
1406 2524 1613 2602 δίφροιο
1654 2524 1812 2601 μάλα
1857 2528 2072 2599 μέγαν,
2119 2524 2152 2591 ἢ
2202 2523 2306 2599 ὅγε
2360 2522 2618 2601 χλούνην

418 2612 650 2689 Κάπρον
695 2616 1021 2675 ὄπισθιδίοιο
1068 2621 1222 2693 φέροι
1264 2617 1427 2675 ποδὸς
1471 2620 1849 2691 ἀσπαίροντα.
1933 2614 2135 2673 Altera
2176 2614 2360 2673 forma
2404 2622 2619 2692 σπαίρω

418 2703 664 2763 occurrit
693 2703 963 2782 Apollon.
992 2705 1187 2764 Rhod.
1221 2708 1357 2769 874.
1404 2710 1699 2777 εἶσενόησε
1735 2706 1924 2764 Παῖἓιι
1961 2713 2128 2782 φίλον
2174 2712 2485 2781 σπαίροντα
2529 2708 2620 2766 dtu*

420 2799 653 2873 φλογός.
736 2797 1000 2875 Antipat.
1027 2797 1225 2856 Sidon.
1252 2796 1450 2875 Epigr.
1476 2798 1712 2856 XLIII.
1747 2800 1802 2855 5.
1828 2795 1896 2855 de
1919 2798 2127 2855 Niobae
2143 2797 2390 2865 filiabus,
2416 2796 2484 2855 ‘A
2512 2790 2622 2874 μὲν

422 2887 539 2963 γάρ
581 2888 795 2947 παίδων
840 2894 1066 2965 σπαίρει
1114 2894 1315 2948 πέλας·
1362 2891 1400 2945 ἀ
1451 2889 1511 2947 δὲ
1559 2892 1863 2947 λιπόπνους
1911 2894 2200 2946 Κὲκλιται·
2257 2885 2298 2965 ᾇ
2343 2888 2404 2946 δὲ
2445 2886 2625 2964 βαρῧς
2711 2874 2738 2887 ‘⁵

404 2980 627 3058 ·πότμος
664 2984 1052 3061 ἐπικρέμαται.
1137 2978 1495 3038 Dioscorides
1524 2980 1708 3037 XIII.
1743 2983 1799 3039 9.
1832 2978 1903 3037 de
1931 2979 2230 3057 Othryade
2265 2980 2624 3050 moribunde,

421 3078 516 3131 Χώ
564 3071 693 3131 τόδε
736 3076 1036 3151 μοχθῆσας
1073 3078 1299 3148 σπαίρει
1340 3078 1539 3129 πέλας.
1624 3070 1782 3128 Hinc
1825 3074 2226 3148 ἀπασπαίρειν,
2257 3070 2456 3149 Eurip.
2492 3070 2620 3129 Ion.

429 3167 602 3223 1220.
644 3171 1038 3241 περισπαίρειν
1067 3162 1435 3242 Lycophron,
1466 3169 1523 3221 et
1551 3161 1800 3221 Nicand.
1831 3163 2006 3221 Ther.
2041 3165 2175 3227 773.

502 3306 640 3367 971.
698 3284 1025 3385 Χέρσος.
1098 3304 1311 3363 Teum.
1369 3301 1501 3361 vid.
1532 3321 1708 3379 supra
1737 3305 1873 3365 713.
1933 3302 2486 3360 Glossar.in'1'heb.
2520 3304 2618 3360 64.

504 3456 642 3516 973.
698 3426 1179 3537 Ὀφθαλμός.
1250 3452 1481 3510 Oculus.
1542 3452 1696 3510 “Ita
1713 3450 1952 3517 dictum,
1973 3448 2127 3527 quod
2144 3448 2266 3526 ejus
2284 3468 2392 3526 ope
2414 3450 2621 3517 πάντα,

422 3546 493 3598 ut
540 3538 796 3619 loquitur
842 3536 1049 3596 Suidas
1094 3540 1172 3610 (v.
1218 3539 1507 3617 ὀφθαλμὸς
1546 3537 1883 3612 βασιλέως),
1915 3538 1944 3593 ὁ
1985 3535 2260 3611 βασιλεὺς
2305 3538 2622 3605 ἐπεσκόπει,

420 3631 611 3690 mimia
660 3630 883 3707 (scribit
920 3628 1200 3706 Apuleius
1226 3630 1297 3688 de
1338 3628 1578 3706 mundo)
1611 3650 1739 3707 quae
1767 3630 1972 3703 ubique
2005 3636 2348 3702 gererentur
2375 3630 2623 3687 dicebat.

422 3722 653 3781 Etenim
695 3722 995 3780 Persarum
1046 3740 1207 3798 reges
1249 3721 1539 3779 ministros
1588 3719 1865 3798 quosdam
1902 3718 2169 3788 habuere,
2213 3719 2312 3798 qui
2348 3722 2628 3799 ὀφθαλμοὶ

424 3814 729 3890 βασιλέως.
761 3814 1130 3889 imperatoris
1156 3814 1307 3870 oculi
1338 3809 1635 3889 (reddente
1663 3810 1957 3888 Apuleio),
1991 3810 2322 3869 dicebantur
2341 3832 2375 3869 a
2395 3833 2628 3871 munere

423 3905 516 3963 vel
554 3905 778 3972 offici03
836 3902 1108 3981 quicquid
1146 3902 1299 3961 enim
1338 3902 1401 3961 in
1446 3910 1569 3960 toto
1615 3920 1793 3977 regno
1834 3910 2114 3978 ageretur,
2155 3922 2353 3960 eorum
2394 3910 2514 3961 erat
2553 3904 2629 3963 ad

424 4015 616 4073 regem
660 3994 895 4053 deferre.
982 3992 1345 4071 Hesychius:
1390 3997 1682 4055 Βασιλέως
1719 3994 2026 4069 ὀφθαλμός·
2075 3993 2356 4069 ἑπέμπετό
2398 4018 2476 4051 τις
2516 3992 2626 4053 ὑπὸ

422 4086 712 4161 βασιλέως
760 4088 1073 4154 ἐπίσκοπος,
1116 4084 1174 4142 ὃς
1223 4086 1500 4162 ἐφεωρᾶτο
1555 4090 1624 4143 τὰ
1679 4092 2006 4161 πράγματα,
2063 4086 2129 4144 ὃν
2184 4090 2279 4144 τοῦ
2338 4084 2627 4157 βασιλέως

425 4177 721 4256 ὀφθαλμὸν
769 4178 1033 4236 ἐκάλουν.
1118 4173 1397 4233 Aristides
1438 4183 1581 4234 orat.
1619 4195 1894 4254 panegyr.
1935 4175 2246 4253 Cyzicena:
2294 4178 2324 4234 ὁ
2362 4178 2472 4253 μὲν
2514 4179 2626 4252 γάρ

428 4273 537 4328 τῶν
586 4272 821 4344 Περσῶν
862 4265 1142 4326 Βασιλεῦς
1180 4265 1359 4324 ἐδόκει
1403 4292 1457 4324 τι
1504 4266 1766 4345 διάφορον
1803 4271 2098 4330 κεκτῆσθαι
2141 4270 2239 4326 τὸν
2278 4269 2630 4346 καλούμενον

426 4359 714 4433 βασιλέως
768 4363 1090 4439 ὀφθαλμόν.
1174 4357 1286 4415 Dio
1334 4357 1630 4435 chrysost.
1672 4358 1833 4416 Orat.
1875 4358 1995 4415 III.
2037 4358 2107 4415 de
2150 4359 2385 4437 Regno=
2443 4363 2474 4418 ὁ
2521 4364 2630 4438 μὲν

434 4457 651 4525 Πέρσης
706 4456 807 4512 ἕνα
858 4452 984 4511 τινὰ
1032 4452 1227 4527 ἔσχεν,
1279 4450 1573 4527 ὀφθαλμὸν
1617 4449 1901 4523 βασιλέως
1943 4454 2284 4527 λεγόμενον,
2334 4454 2527 4511 τοῦτον
2567 4461 2632 4514 οὒ
