3282 5193
562 446 667 516 50

846 649 1063 749 χθου,
1124 637 1651 743 κροκόβαπτον
1708 629 1938 714 ποδὸς
1998 623 2112 707 εὕ-

1439 425 1974 504 ΑΙΣΧΥΛΟΥ

2701 622 2856 695 665

844 807 1074 876 μαριν
1130 769 1422 870 ἀείρων,
1482 761 1832 858 βασιλεί-

1241 929 1328 975 ου
1385 890 1539 972 τιά-

849 1063 986 1131 ρας
1044 1023 1394 1132 φάλαρον
1451 1015 1934 1124 πιφαύσκων.

1016 1151 1265 1248 βάσκε
1323 1154 1573 1251 περῶν
1628 1137 1861 1222 ἄκακε

1186 1280 1241 1382 †
1280 1271 1633 1379 Δαρειάν,
1696 1265 1770 1348 οῗ

743 1409 941 1494 ὅπως
997 1404 1215 1490 καινά
1270 1439 1348 1485 τε
1412 1399 1647 1506 κλύῃς
1706 1397 1835 1478 νέα
1891 1395 1950 1474 τ’
1995 1387 2172 1498 ἄχη,

576 1693 786 1770 Odyss.
811 1690 879 1746 T.
908 1709 969 1766 p.
999 1689 1169 1755 1854,
1201 1688 1297 1743 25.
1384 1681 1535 1740 Cum
1575 1678 1682 1736 du·

577 1772 787 1850 plicato
815 1775 854 1828 λ
876 1769 1080 1826 Sextus
1098 1764 1317 1842 Empir.
1342 1758 1675 1819 adv-Math.

662 1931 797 1987 666.
882 1924 1263 1985 Penultimam
1322 1921 1384 1978 in
1453 1916 1682 1994 εὔμαρις

578 2009 817 2085 produci
858 2006 1023 2064 docet
1051 2005 1337 2062 Porsonus
1374 1997 1446 2056 ad
1478 1997 1682 2074 Eurip.

578 2089 769 2146 Orest.
801 2089 970 2144 1364.
1006 2084 1097 2142 Sic
1114 2080 1402 2160 Lycophr.
1425 2081 1557 2136 855.
1577 2079 1686 2134 Καὶ

581 2169 677 2226 τοῖς
733 2168 1006 2243 δάμαρτος
1061 2168 1298 2236 ἀσκέρας
1364 2157 1682 2237 εὒμάριδας.

581 2247 902 2325 Corripitur
943 2252 1135 2302 tamen
1175 2243 1246 2299 ab
1280 2238 1589 2316 Antipatro
1624 2237 1686 2294 in

585 2327 845 2386 Analect.
866 2325 951 2383 ῙῙ.
974 2345 1035 2400 p.
1059 2326 1155 2382 28.
1202 2320 1351 2378 Οὺδέ
1380 2343 1469 2395 μοι
1497 2321 1680 2395 ἀμπε-

583 2409 753 2486 χόναι
796 2403 1170 2480 περονὴτιδες,
1210 2405 1275 2459 οὒ
1318 2399 1685 2473 βαθῦπελμος

586 2487 849 2563 Εὕμαρις,
910 2489 974 2542 οὗ
1021 2486 1235 2541 λιπόων
1281 2478 1447 2538 εὔαδε
1503 2479 1685 2548 κεκρύ-

584 2572 778 2647 φαλοε.
828 2564 929 2622 ubi
963 2563 1155 2623 forsan
1189 2558 1493 2637 legendum
1536 2557 1686 2616 Οὒδέ

588 2643 1048 2784 Ἠεοὲτῖἴέέἶῦ,’
1072 2644 1200 2779 21οὺ
1223 2638 1684 2777 Ἀτλζβίῖίίῖτρίῗς.

588 2812 837 2885 πέχονον
881 2806 971 2859 καὶ
1012 2806 1119 2859 τάν
1166 2798 1535 2876 περονατρίδα
1588 2804 1693 2857 λα-

590 2892 709 2956 ζεῦ.
748 2883 881 2941 vid.
911 2879 1179 2959 Append.

676 2992 811 3050 667.
856 2990 1047 3061 τιὴρας
1100 2983 1261 3041 Med.
1321 2984 1556 3040 Barooo.
1618 2980 1694 3039 G.

596 3067 847 3143 Guelph.
877 3064 1067 3121 Viteb.

679 3172 813 3227 668.
857 3168 1149 3245 πιφάσκων
1190 3162 1324 3221 Ald.
1365 3162 1546 3220 Turn.
1587 3163 1700 3219 Ba·

597 3268 743 3309 rocc.
778 3246 941 3305 Colb.
974 3250 1026 3302 1.
1062 3248 1113 3302 2.
1140 3242 1230 3300 Μ.
1259 3246 1317 3299 2.
1339 3240 1492 3317 quod
1519 3242 1700 3317 magis

599 3328 829 3407 quidem
910 3324 1184 3402 analogiae
1257 3326 1700 3380 consentaneum

599 3416 717 3474 est;
763 3427 796 3464 a
824 3406 957 3482 φᾶω·
974 3404 1253 3463 formatur
1278 3401 1533 3479 πιφάσκω
1572 3406 1641 3457 ut
1669 3419 1702 3457 a

603 3492 735 3553 δάω,
794 3486 1047 3554 διδάσκω,
1104 3504 1138 3541 a
1204 3480 1349 3555 βάω,
1416 3478 1700 3555 βιβάσκω,

604 3568 774 3646 quod,
816 3567 865 3624 si
898 3584 991 3622 me
1028 3562 1241 3629 audiaS‚
1286 3559 1441 3637 apud
1483 3560 1700 3617 Home-

602 3666 731 3704 rum
765 3664 869 3721 pro
910 3642 1195 3716 βιβάσθω,
1224 3640 1396 3696 verbo
1423 3638 1703 3703 anomalo‚

605 3722 1017 3800 reponendum.
1104 3718 1215 3777 Sed
1243 3719 1549 3793 πιφαύσκω,
1574 3737 1705 3793 quae

608 3803 793 3860 forma
819 3798 1191 3864 AEolensium,
1221 3805 1289 3852 ut
1329 3795 1547 3871 opinor,
1574 3794 1706 3862 fuit,

606 3879 817 3956 saepius
844 3878 998 3955 apud
1027 3878 1347 3934 Homerum
1374 3872 1672 3949 reperitur.

690 3985 825 4043 669.
872 3982 963 4039 Sic
993 3982 1139 4039 Rob.
1172 3979 1366 4054 Mosq.
1409 3977 1712 4036 Turnebus

610 4065 793 4139 βάσκε
832 4066 1030 4137 πατὴρ,
1076 4058 1247 4117 ceteri
1286 4057 1469 4131 βάσκε
1512 4062 1710 4133 πάτερ.

612 4147 787 4203 Deest
828 4145 1000 4201 ἄκακε
1039 4140 1100 4197 in
1142 4137 1333 4196 Guelf.
1420 4136 1567 4195 Dein
1609 4155 1714 4214 pro

610 4227 782 4283 ἄκακε
840 4220 1155 4280 Scholiasta
1207 4216 1433 4275 videtur
1512 4215 1715 4293 legisse

612 4306 773 4370 ἅναξ,
806 4302 1049 4378 explicat
1076 4298 1242 4366 enim,
1272 4296 1457 4371 βάσκε
1492 4301 1581 4354 καὶ
1619 4321 1716 4353 πο-

611 4387 849 4457 ρεύθητι,
876 4378 921 4437 ὦ
950 4388 1155 4457 Δαρεῖε
1179 4378 1447 4435 δεσπότα.
1503 4376 1718 4433 Occur-

612 4464 685 4519 rit
715 4460 941 4538 quidem
975 4460 1124 4517 infra
1166 4460 1390 4527 ἀκάκας,
1435 4476 1565 4533 quae
1607 4475 1720 4512 vox

614 4549 811 4598 contra
838 4538 1152 4615 analogiam
1181 4545 1395 4614 peccat.
1438 4534 1719 4593 Dic-ebant

1779 1674 1929 1734 enim
1957 1676 1988 1732 ὁ
2017 1676 2105 1731 καὶ
2131 1673 2165 1740 ἡ
2192 1668 2411 1728 ἄκακος.
2460 1667 2714 1726 Timaeus
2733 1666 2874 1724 Lex.

1781 1753 2004 1812 Platon.
2022 1753 2278 1809 ”Ακακοι.
2306 1751 2358 1807 οἱ
2386 1750 2487 1815 ἔξω
2517 1753 2706 1806 κακίας
2734 1745 2876 1804 Lex.

1780 1832 1934 1911 apud
1950 1831 2200 1890 Bekker.
2224 1828 2440 1888 Anecd.
2463 1827 2566 1884 Gr.
2587 1825 2639 1885 I.
2665 1846 2724 1904 p.
2745 1828 2882 1889 370.

1765 1915 2028 1970 ”Ακακος.
2072 1916 2103 1969 ὃ
2141 1913 2308 1968 κακοῦ
2343 1913 2420 1986 μὴ
2454 1911 2878 1984 πεπειραμένος.

1781 1997 1890 2070 οὺχ
1945 1995 1974 2050 ὁ
2031 1993 2404 2068 χρηστοηθὴς.
2457 1986 2599 2045 οὕτω
2645 1987 2880 2062 Σαπφώ.

1785 2073 2055 2130 Ceterum
2078 2090 2256 2149 quum
2273 2069 2531 2127 observet
2549 2066 2882 2132 Scholiasta,

1786 2158 1855 2210 ὡς
1901 2151 2086 2232 ἑπωδῇ
2129 2150 2190 2208 δὲ
2244 2155 2510 2226 κέχρηται
2558 2153 2651 2224 τῷ,
2697 2146 2886 2203 Βάσκε

1784 2235 1958 2307 πάτερ
2008 2236 2232 2305 Δαρεῖε,
2280 2228 2409 2286 haec
2449 2226 2622 2285 verba
2665 2225 2727 2284 in
2773 2225 2888 2282 fine

1784 2311 2039 2388 strophae
2077 2317 2134 2368 et
2173 2305 2548 2384 antistrophae
2583 2304 2765 2362 libens
2793 2303 2892 2362 ad-

1785 2391 2045 2449 diderim.

1870 2472 2005 2531 670.
2089 2467 2272 2526 Obelo
2318 2464 2536 2524 notavit
2581 2463 2890 2520 Porsonus.

1790 2548 2092 2609 Schutzius
2121 2551 2328 2622 Δαρεῖ’,
2359 2546 2396 2604 ἅ
2405 2570 2507 2613 νει,
2531 2543 2715 2601 Darie
2741 2542 2888 2599 redi.

1792 2634 2002 2704 Δαρεῖ’,
2044 2629 2161 2686 ἄνα
2210 2625 2466 2685 Siebelis.
2552 2621 2664 2681 Sed
2704 2621 2895 2680 forsan

1788 2708 2110 2786 legendum‘
2123 2708 2332 2785 Δαρεῖ’,
2364 2710 2530 2765 ιάυοῖ.
2593 2698 2894 2776 Aristoph.

1795 2788 1944 2846 Ran.
1981 2790 2154 2848 1052.
2238 2792 2440 2845 ΑΙΣΧ.
2485 2783 2630 2843 Εἶτα
2675 2780 2897 2847 διδάξας

1797 2875 2020 2943 Πέρσας
2059 2867 2206 2945 μετὰ
2238 2866 2408 2936 ταῦτ’,
2447 2867 2742 2939 ἐπιθυμεῖν
2784 2862 2899 2926 ἒξε-

1799 2948 1989 3013 δίδαξα
2023 2951 2200 3023 Νικᾷν
2241 2950 2333 3005 ἀεὶ
2375 2944 2496 3005 τούς
2532 2942 2897 3008 ἀντιπάλους,

1797 3031 2075 3102 κοσμήσας
2137 3030 2306 3103 ἔργον
2351 3027 2600 3101 ἄριστον.
2685 3025 2897 3077 ΔΙΟΝ.

1798 3105 2052 3182 Ἐχάρην
2128 3111 2268 3179 γοῦν
2337 3102 2471 3173 ἡνίκ’
2553 3105 2900 3175 ἀπηγγέλθη

1800 3188 1926 3257 περὶ
1967 3191 2207 3259 Δαρείου
2243 3188 2558 3243 τεθνεῶτος.
2633 3174 2700 3238 ‘O
2731 3182 2903 3255 Χόρος

1803 3264 1846 3321 δ’
1888 3262 2048 3322 εὐθὺς
2093 3268 2168 3321 τὼ
2213 3263 2356 3342 χεῖρ’
2410 3262 2507 3320 ὡδὶ
2563 3261 2904 3332 ξυγκρούσας

1803 3344 1964 3403 εἶπεν
2012 3349 2245 3402 ΙΑΥΟΙ.
2301 3341 2401 3401 ubi
2443 3339 2759 3398 Scholiasta
2804 3357 2904 3396 no-

1803 3424 1946 3482 tavit
1971 3422 2120 3481 hanc
2144 3420 2592 3501 interjectionem
2629 3418 2806 3477 Ἰαυοῖ
2843 3418 2906 3476 in

1805 3503 2066 3581 AEschyli
2120 3501 2307 3561 Persis
2352 3518 2631 3577 nusquam
2673 3516 2904 3576 eompa-

1807 3602 1946 3651 rere‚
1976 3602 2080 3640 nec
2108 3582 2418 3660 quidquam
2447 3579 2517 3639 de
2539 3577 2700 3637 Darii
2724 3584 2908 3636 morte

1805 3661 1983 3728 innui,
2014 3668 2081 3718 ut
2107 3661 2368 3720 nonnulli
2394 3658 2694 3736 cogitarint
2721 3657 2791 3716 de
2832 3656 2910 3713 al·

1806 3746 1929 3796 tera
1958 3740 2256 3797 Persarum
2279 3740 2559 3817 διασκευῇ.
2645 3736 2757 3795 Sed
2782 3753 2910 3795 vere

1806 3837 1840 3874 a
1869 3817 2116 3875 Stanleio
2157 3819 2518 3876 observatum
2557 3823 2659 3884 est,
2688 3814 2908 3873 Aristo-

1808 3896 2016 3972 phanis
2025 3897 2195 3954 verba
2209 3897 2282 3954 ad
2298 3898 2446 3955 hanc
2461 3894 2673 3954 fabulae
2690 3900 2911 3972 partem

1808 3974 2110 4033 manifesto
2139 3984 2412 4054 spectare.
2496 3974 2787 4051 Exiguum
2815 3991 2911 4029 au-

1809 4061 1928 4111 tem
1984 4052 2288 4114 discrimen
2334 4063 2419 4115 est
2462 4054 2610 4111 inter
2653 4056 2913 4109 ΔΑΡΕΙ-

1812 4139 2026 4191 ΙΑΥΟΙ
2061 4142 2119 4192 et
2147 4138 2591 4194 AAPEIANOI.

1894 4214 2028 4274 671.
2077 4215 2442 4293 Conjeceram
2484 4211 2776 4269 καινόκοτα
2811 4228 2915 4287 pro

1813 4295 1980 4351 καινά
2016 4318 2096 4353 τε.
2183 4294 2372 4353 Schol.
2415 4291 2579 4351 καινά
2616 4293 2706 4347 καὶ
2733 4292 2912 4347 ἀλλό-

1814 4398 1964 4431 κοτα.
2073 4373 2256 4449 Supra
2299 4375 2434 4431 261.
2492 4366 2632 4429 κακᾶ
2683 4372 2916 4427 νεόκοτα

1815 4458 1902 4511 καὶ
1946 4453 2098 4510 δάῖα.
2183 4452 2366 4509 Theb.
2406 4453 2543 4509 804.
2600 4456 2670 4508 Τί
2711 4450 2755 4507 δ’
2798 4452 2917 4507 ἐστὶ

1811 4540 2024 4610 πρᾶγος
2109 4534 2365 4591 νεόκοτον
2435 4536 2604 4589 πόλει
2684 4533 2913 4608 παρόν;
