<?xml version="1.0" encoding="UTF-8"?>
<!DOCTYPE html PUBLIC "-//W3C//DTD XHTML 1.0 Transitional//EN"
    "http://www.w3.org/TR/xhtml1/DTD/xhtml1-transitional.dtd">
<html xmlns="http://www.w3.org/1999/xhtml" xml:lang="en" lang="en">
 <head>
  <title>
</title>
<meta http-equiv="Content-Type" content="text/html;charset=utf-8" />
  <meta name='ocr-system' content='tesseract 3.04.00' />
  <meta name='ocr-capabilities' content='ocr_page ocr_carea ocr_par ocr_line ocrx_word'/>
</head>
<body>
  <div class='ocr_page' id='page_1' title='image "./pers00aescgoog_0010.png"; bbox 0 0 3282 5193; ppageno 0'>
   <div class='ocr_carea' id='block_1_1' title="bbox 594 426 1964 500">
    <p class='ocr_par' dir='ltr' id='par_1_1' title="bbox 594 426 1964 500">
     <span class='ocr_line' id='line_1_1' title="bbox 594 426 1964 500; baseline 0.002 -3"><span class='ocrx_word' id='word_1_1' title='bbox 594 426 671 498; x_wconf 87' lang='lat' dir='ltr'>vi</span> <span class='ocrx_word' id='word_1_2' title='bbox 1528 445 1964 500; x_wconf 57' lang='lat' dir='ltr'><strong>PRAEFATIO.</strong></span> 
     </span>
    </p>
   </div>
   <div class='ocr_carea' id='block_1_2' title="bbox 593 622 2904 3821">
    <p class='ocr_par' dir='ltr' id='par_1_2' title="bbox 594 622 2904 2193">
     <span class='ocr_line' id='line_1_2' title="bbox 594 622 2890 724; baseline 0.001 -26"><span class='ocrx_word' id='word_1_3' title='bbox 594 623 924 723; x_wconf 77' lang='lat' dir='ltr'><strong>positam</strong></span> <span class='ocrx_word' id='word_1_4' title='bbox 968 622 1244 710; x_wconf 67' lang='lat' dir='ltr'>fixisse3</span> <span class='ocrx_word' id='word_1_5' title='bbox 1310 647 1461 720; x_wconf 92' lang='lat' dir='ltr'>quo</span> <span class='ocrx_word' id='word_1_6' title='bbox 1506 625 1702 697; x_wconf 87' lang='lat' dir='ltr'>nihil</span> <span class='ocrx_word' id='word_1_7' title='bbox 1755 625 2013 698; x_wconf 85' lang='lat' dir='ltr'>minus</span> <span class='ocrx_word' id='word_1_8' title='bbox 2058 648 2327 698; x_wconf 86' lang='lat' dir='ltr'>verum</span> <span class='ocrx_word' id='word_1_9' title='bbox 2381 649 2542 699; x_wconf 91' lang='lat' dir='ltr'>esse</span> <span class='ocrx_word' id='word_1_10' title='bbox 2595 631 2890 724; x_wconf 85' lang='lat' dir='ltr'>potest:</span> 
     </span>
     <span class='ocr_line' id='line_1_3' title="bbox 599 748 2896 847; baseline 0.002 -27"><span class='ocrx_word' id='word_1_11' title='bbox 599 753 799 840; x_wconf 78' lang='grc' dir='ltr'>ψέλια</span> <span class='ocrx_word' id='word_1_12' title='bbox 860 748 1067 821; x_wconf 90' lang='lat' dir='ltr'>enim</span> <span class='ocrx_word' id='word_1_13' title='bbox 1114 771 1409 846; x_wconf 81' lang='lat' dir='ltr'><strong>semper</strong></span> <span class='ocrx_word' id='word_1_14' title='bbox 1457 750 1548 822; x_wconf 90' lang='lat' dir='ltr'>de</span> <span class='ocrx_word' id='word_1_15' title='bbox 1603 753 1954 837; x_wconf 74' lang='lat' dir='ltr'>armillis,</span> <span class='ocrx_word' id='word_1_16' title='bbox 2009 755 2320 846; x_wconf 74' lang='grc' dir='ltr'>στρεπτίι</span> <span class='ocrx_word' id='word_1_17' title='bbox 2375 750 2468 824; x_wconf 90' lang='lat' dir='ltr'>de</span> <span class='ocrx_word' id='word_1_18' title='bbox 2514 755 2896 847; x_wconf 76' lang='lat' dir='ltr'>torquibus</span> 
     </span>
     <span class='ocr_line' id='line_1_4' title="bbox 594 871 2897 970; baseline 0.001 -25"><span class='ocrx_word' id='word_1_19' title='bbox 594 874 1086 969; x_wconf 77' lang='lat' dir='ltr'>usurpantur.</span> <span class='ocrx_word' id='word_1_20' title='bbox 1199 873 1644 970; x_wconf 88' lang='lat' dir='ltr'>Utrumque</span> <span class='ocrx_word' id='word_1_21' title='bbox 1675 897 1855 948; x_wconf 88' lang='lat' dir='ltr'>vero</span> <span class='ocrx_word' id='word_1_22' title='bbox 1880 874 2080 948; x_wconf 87' lang='lat' dir='ltr'>inter</span> <span class='ocrx_word' id='word_1_23' title='bbox 2115 878 2562 948; x_wconf 83' lang='lat' dir='ltr'>ornamenta</span> <span class='ocrx_word' id='word_1_24' title='bbox 2596 871 2897 948; x_wconf 87' lang='lat' dir='ltr'>Persica</span> 
     </span>
     <span class='ocr_line' id='line_1_5' title="bbox 595 997 2891 1096; baseline 0.001 -27"><span class='ocrx_word' id='word_1_25' title='bbox 595 998 803 1083; x_wconf 92' lang='lat' dir='ltr'>erat;</span> <span class='ocrx_word' id='word_1_26' title='bbox 860 998 1067 1072; x_wconf 89' lang='lat' dir='ltr'>unde</span> <span class='ocrx_word' id='word_1_27' title='bbox 1112 997 1524 1072; x_wconf 87' lang='lat' dir='ltr'>verisimile</span> <span class='ocrx_word' id='word_1_28' title='bbox 1577 998 1669 1070; x_wconf 86' lang='lat' dir='ltr'>fit</span> <span class='ocrx_word' id='word_1_29' title='bbox 1726 999 2145 1096; x_wconf 84' lang='lat' dir='ltr'>Phrynichi</span> <span class='ocrx_word' id='word_1_30' title='bbox 2198 998 2454 1073; x_wconf 90' lang='lat' dir='ltr'>locum</span> <span class='ocrx_word' id='word_1_31' title='bbox 2511 998 2610 1070; x_wconf 87' lang='lat' dir='ltr'>ad</span> <span class='ocrx_word' id='word_1_32' title='bbox 2668 998 2891 1071; x_wconf 89' lang='lat' dir='ltr'>Phoe-</span> 
     </span>
     <span class='ocr_line' id='line_1_6' title="bbox 595 1120 2894 1219; baseline 0 -26"><span class='ocrx_word' id='word_1_33' title='bbox 595 1120 839 1194; x_wconf 84' lang='lat' dir='ltr'>nissas</span> <span class='ocrx_word' id='word_1_34' title='bbox 873 1120 1139 1195; x_wconf 86' lang='lat' dir='ltr'>referri</span> <span class='ocrx_word' id='word_1_35' title='bbox 1174 1122 1464 1195; x_wconf 90' lang='lat' dir='ltr'>debere.</span> <span class='ocrx_word' id='word_1_36' title='bbox 1536 1122 1890 1219; x_wconf 87' lang='lat' dir='ltr'>Xenoph.</span> <span class='ocrx_word' id='word_1_37' title='bbox 1916 1123 2162 1197; x_wconf 83' lang='lat' dir='ltr'>Anab.</span> <span class='ocrx_word' id='word_1_38' title='bbox 2192 1124 2259 1196; x_wconf 93' lang='lat' dir='ltr'>I.</span> <span class='ocrx_word' id='word_1_39' title='bbox 2285 1147 2356 1198; x_wconf 82' lang='lat' dir='ltr'>v.</span> <span class='ocrx_word' id='word_1_40' title='bbox 2385 1126 2453 1197; x_wconf 87' lang='grc'>8.</span> <span class='ocrx_word' id='word_1_41' title='bbox 2480 1124 2572 1197; x_wconf 92' lang='lat' dir='ltr'>de</span> <span class='ocrx_word' id='word_1_42' title='bbox 2599 1123 2848 1196; x_wconf 87' lang='lat' dir='ltr'>Persis</span> <span class='ocrx_word' id='word_1_43' title='bbox 2872 1148 2894 1209; x_wconf 91' lang='lat'>;</span> 
     </span>
     <span class='ocr_line' id='line_1_7' title="bbox 596 1245 2894 1345; baseline 0 -27"><span class='ocrx_word' id='word_1_44' title='bbox 596 1248 753 1319; x_wconf 86' lang='grc' dir='ltr'>ἔνιοι</span> <span class='ocrx_word' id='word_1_45' title='bbox 789 1248 860 1318; x_wconf 77' lang='grc' dir='ltr'>δὲ</span> <span class='ocrx_word' id='word_1_46' title='bbox 899 1245 1005 1319; x_wconf 71' lang='grc' dir='ltr'>καὶ</span> <span class='ocrx_word' id='word_1_47' title='bbox 1041 1249 1420 1341; x_wconf 71' lang='grc' dir='ltr'>στρεπτοῧα</span> <span class='ocrx_word' id='word_1_48' title='bbox 1478 1246 1623 1344; x_wconf 68' lang='grc' dir='ltr'>περὶ</span> <span class='ocrx_word' id='word_1_49' title='bbox 1660 1251 1764 1341; x_wconf 64' lang='grc' dir='ltr'>τῷ</span> <span class='ocrx_word' id='word_1_50' title='bbox 1815 1249 2171 1345; x_wconf 73' lang='grc' dir='ltr'>τραχῆλῳ,</span> <span class='ocrx_word' id='word_1_51' title='bbox 2231 1247 2337 1320; x_wconf 71' lang='grc' dir='ltr'>καὶ</span> <span class='ocrx_word' id='word_1_52' title='bbox 2373 1252 2575 1339; x_wconf 75' lang='grc' dir='ltr'>ψέλια</span> <span class='ocrx_word' id='word_1_53' title='bbox 2613 1247 2724 1320; x_wconf 66' lang='grc' dir='ltr'>ἐπὶ</span> <span class='ocrx_word' id='word_1_54' title='bbox 2759 1252 2894 1320; x_wconf 69' lang='grc' dir='ltr'>ταῖν</span> 
     </span>
     <span class='ocr_line' id='line_1_8' title="bbox 602 1369 2892 1469; baseline 0 -29"><span class='ocrx_word' id='word_1_55' title='bbox 602 1373 1255 1469; x_wconf 63' lang='grc' dir='ltr'>χειρῶν-ἔχοντες.</span> <span class='ocrx_word' id='word_1_56' title='bbox 1294 1370 1474 1443; x_wconf 80' lang='lat' dir='ltr'>ibid.</span> <span class='ocrx_word' id='word_1_57' title='bbox 1512 1371 1669 1443; x_wconf 79' lang='lat' dir='ltr'><strong>Vifi.</strong></span> <span class='ocrx_word' id='word_1_58' title='bbox 1712 1374 1829 1444; x_wconf 81' lang='grc'>29.</span> <span class='ocrx_word' id='word_1_59' title='bbox 1869 1371 1972 1444; x_wconf 72' lang='grc' dir='ltr'>καὶ</span> <span class='ocrx_word' id='word_1_60' title='bbox 2005 1374 2345 1467; x_wconf 80' lang='grc' dir='ltr'>στρεπτὸν</span> <span class='ocrx_word' id='word_1_61' title='bbox 2379 1373 2451 1445; x_wconf 76' lang='grc' dir='ltr'>δὲ</span> <span class='ocrx_word' id='word_1_62' title='bbox 2490 1372 2755 1469; x_wconf 77' lang='grc' dir='ltr'>ἐφόρει,</span> <span class='ocrx_word' id='word_1_63' title='bbox 2789 1369 2892 1442; x_wconf 71' lang='grc' dir='ltr'>καὶ</span> 
     </span>
     <span class='ocr_line' id='line_1_9' title="bbox 600 1493 2892 1590; baseline 0.001 -28"><span class='ocrx_word' id='word_1_64' title='bbox 600 1497 827 1581; x_wconf 77' lang='grc' dir='ltr'>ψέλια,</span> <span class='ocrx_word' id='word_1_65' title='bbox 857 1493 965 1566; x_wconf 68' lang='grc' dir='ltr'>καὶ</span> <span class='ocrx_word' id='word_1_66' title='bbox 1002 1498 1087 1566; x_wconf 78' lang='grc' dir='ltr'>τὰ</span> <span class='ocrx_word' id='word_1_67' title='bbox 1119 1494 1329 1580; x_wconf 76' lang='grc' dir='ltr'>ἄλλα,</span> <span class='ocrx_word' id='word_1_68' title='bbox 1369 1495 1589 1588; x_wconf 79' lang='grc' dir='ltr'>ὥσπερ</span> <span class='ocrx_word' id='word_1_69' title='bbox 1627 1497 1689 1566; x_wconf 80' lang='grc' dir='ltr'>οἱ</span> <span class='ocrx_word' id='word_1_70' title='bbox 1721 1495 1982 1589; x_wconf 76' lang='grc' dir='ltr'>ἄριστοι</span> <span class='ocrx_word' id='word_1_71' title='bbox 2017 1502 2156 1567; x_wconf 72' lang='grc' dir='ltr'>τῶν</span> <span class='ocrx_word' id='word_1_72' title='bbox 2193 1500 2497 1590; x_wconf 67' lang='grc' dir='ltr'>Περσῶν.</span> <span class='ocrx_word' id='word_1_73' title='bbox 2552 1495 2646 1569; x_wconf 80' lang='lat' dir='ltr'>Cf.</span> <span class='ocrx_word' id='word_1_74' title='bbox 2685 1495 2753 1566; x_wconf 85' lang='lat' dir='ltr'>I.</span> <span class='ocrx_word' id='word_1_75' title='bbox 2783 1493 2892 1566; x_wconf 80' lang='lat' dir='ltr'>fii.</span> 
     </span>
     <span class='ocr_line' id='line_1_10' title="bbox 600 1614 2890 1714; baseline 0.001 -28"><span class='ocrx_word' id='word_1_76' title='bbox 600 1614 693 1691; x_wconf 85' lang='lat'>27</span> <span class='ocrx_word' id='word_1_77' title='bbox 702 1670 719 1688; x_wconf 93' lang='lat'><strong>.</strong></span> <span class='ocrx_word' id='word_1_78' title='bbox 778 1615 1165 1688; x_wconf 86' lang='lat' dir='ltr'>Adrianus</span> <span class='ocrx_word' id='word_1_79' title='bbox 1185 1615 1458 1712; x_wconf 79' lang='lat' dir='ltr'>Tyrius</span> <span class='ocrx_word' id='word_1_80' title='bbox 1472 1616 1513 1660; x_wconf 79' lang='lat'><em>*</em></span> <span class='ocrx_word' id='word_1_81' title='bbox 1543 1617 1898 1714; x_wconf 84' lang='lat' dir='ltr'>Excerpt.</span> <span class='ocrx_word' id='word_1_82' title='bbox 1927 1618 2166 1691; x_wconf 84' lang='lat' dir='ltr'>Graec.</span> <span class='ocrx_word' id='word_1_83' title='bbox 2195 1618 2524 1714; x_wconf 80' lang='lat' dir='ltr'>Sophist.</span> <span class='ocrx_word' id='word_1_84' title='bbox 2551 1641 2638 1692; x_wconf 82' lang='lat' dir='ltr'>ac</span> <span class='ocrx_word' id='word_1_85' title='bbox 2660 1618 2890 1690; x_wconf 84' lang='lat' dir='ltr'>Rhet.</span> 
     </span>
     <span class='ocr_line' id='line_1_11' title="bbox 594 1742 2904 1840; baseline 0.001 -28"><span class='ocrx_word' id='word_1_86' title='bbox 594 1764 669 1837; x_wconf 83' lang='lat' dir='ltr'>p.</span> <span class='ocrx_word' id='word_1_87' title='bbox 711 1742 880 1814; x_wconf 84' lang='lat'><strong>250.</strong></span> <span class='ocrx_word' id='word_1_88' title='bbox 944 1742 1204 1831; x_wconf 68' lang='grc' dir='ltr'>ψελίοις</span> <span class='ocrx_word' id='word_1_89' title='bbox 1244 1746 1359 1828; x_wconf 81' lang='grc' dir='ltr'>μὲν</span> <span class='ocrx_word' id='word_1_90' title='bbox 1416 1744 1538 1818; x_wconf 68' lang='grc' dir='ltr'>τὰς</span> <span class='ocrx_word' id='word_1_91' title='bbox 1586 1750 1846 1838; x_wconf 65' lang='grc' dir='ltr'>χεῖρας,</span> <span class='ocrx_word' id='word_1_92' title='bbox 1898 1749 2267 1839; x_wconf 71' lang='grc' dir='ltr'>στρεπτοῖο</span> <span class='ocrx_word' id='word_1_93' title='bbox 2309 1744 2381 1814; x_wconf 73' lang='grc' dir='ltr'>δὲ</span> <span class='ocrx_word' id='word_1_94' title='bbox 2430 1744 2586 1817; x_wconf 66' lang='grc' dir='ltr'>τοὺς</span> <span class='ocrx_word' id='word_1_95' title='bbox 2634 1745 2904 1840; x_wconf 41' lang='grc' dir='ltr'>τραχῆή</span> 
     </span>
     <span class='ocr_line' id='line_1_12' title="bbox 599 1864 2896 1962; baseline 0.003 -27"><span class='ocrx_word' id='word_1_96' title='bbox 599 1868 758 1940; x_wconf 72' lang='grc' dir='ltr'>λουο</span> <span class='ocrx_word' id='word_1_97' title='bbox 784 1868 1276 1956; x_wconf 76' lang='grc' dir='ltr'>κεκοσμημένοι.</span> <span class='ocrx_word' id='word_1_98' title='bbox 1384 1864 1612 1937; x_wconf 81' lang='lat' dir='ltr'>Unde</span> <span class='ocrx_word' id='word_1_99' title='bbox 1634 1865 2073 1938; x_wconf 70' lang='lat' dir='ltr'>Herodotus</span> <span class='ocrx_word' id='word_1_100' title='bbox 2100 1867 2370 1939; x_wconf 79' lang='lat' dir='ltr'>Persas</span> <span class='ocrx_word' id='word_1_101' title='bbox 2403 1869 2625 1940; x_wconf 59' lang='lat' dir='ltr'>Vocat</span> <span class='ocrx_word' id='word_1_102' title='bbox 2659 1866 2896 1962; x_wconf 63' lang='grc' dir='ltr'>ἄνδρας</span> 
     </span>
     <span class='ocr_line' id='line_1_13' title="bbox 598 1988 2896 2086; baseline 0.001 -27"><span class='ocrx_word' id='word_1_103' title='bbox 598 1991 1173 2085; x_wconf 70' lang='grc' dir='ltr'>στρεπτοφόρους</span> <span class='ocrx_word' id='word_1_104' title='bbox 1242 2023 1324 2060; x_wconf 90' lang='grc' dir='ltr'>τε</span> <span class='ocrx_word' id='word_1_105' title='bbox 1390 1988 1495 2061; x_wconf 74' lang='grc' dir='ltr'>καὶ</span> <span class='ocrx_word' id='word_1_106' title='bbox 1564 1991 2048 2086; x_wconf 68' lang='grc' dir='ltr'>ψελιοφόρους.</span> <span class='ocrx_word' id='word_1_107' title='bbox 2159 1990 2401 2062; x_wconf 84' lang='lat' dir='ltr'><strong>VIII.</strong></span> <span class='ocrx_word' id='word_1_108' title='bbox 2478 1994 2649 2063; x_wconf 83' lang='grc'><strong>]13.</strong></span> <span class='ocrx_word' id='word_1_109' title='bbox 2720 1990 2896 2062; x_wconf 74' lang='lat' dir='ltr'>Vid-</span> 
     </span>
     <span class='ocr_line' id='line_1_14' title="bbox 599 2112 1483 2193; baseline 0.009 -9"><span class='ocrx_word' id='word_1_110' title='bbox 599 2112 875 2185; x_wconf 87' lang='lat' dir='ltr'>AElian.</span> <span class='ocrx_word' id='word_1_111' title='bbox 915 2114 1009 2185; x_wconf 92' lang='lat' dir='ltr'>V.</span> <span class='ocrx_word' id='word_1_112' title='bbox 1050 2113 1155 2185; x_wconf 89' lang='lat' dir='ltr'>H.</span> <span class='ocrx_word' id='word_1_113' title='bbox 1197 2112 1263 2183; x_wconf 92' lang='grc' dir='ltr'>Ι.</span> <span class='ocrx_word' id='word_1_114' title='bbox 1306 2115 1483 2193; x_wconf 83' lang='lat'><strong>22.†</strong></span> 
     </span>
    </p>

    <p class='ocr_par' dir='ltr' id='par_1_3' title="bbox 593 2235 2899 3821">
     <span class='ocr_line' id='line_1_15' title="bbox 695 2235 2897 2334; baseline -0 -25"><span class='ocrx_word' id='word_1_115' title='bbox 695 2237 955 2334; x_wconf 77' lang='lat' dir='ltr'>Hujus</span> <span class='ocrx_word' id='word_1_116' title='bbox 1002 2238 1264 2309; x_wconf 66' lang='lat' dir='ltr'>autem</span> <span class='ocrx_word' id='word_1_117' title='bbox 1311 2235 1732 2333; x_wconf 70' lang='lat' dir='ltr'>Phrynichi</span> <span class='ocrx_word' id='word_1_118' title='bbox 1781 2258 1940 2333; x_wconf 79' lang='lat' dir='ltr'>pl‘ae</span> <span class='ocrx_word' id='word_1_119' title='bbox 1996 2235 2266 2309; x_wconf 66' lang='lat' dir='ltr'>ceteris</span> <span class='ocrx_word' id='word_1_120' title='bbox 2320 2237 2897 2315; x_wconf 70' lang='grc' dir='ltr'>α’ντιὸιδασκᾶλοιε</span> 
     </span>
     <span class='ocr_line' id='line_1_16' title="bbox 593 2360 2896 2458; baseline -0.002 -22"><span class='ocrx_word' id='word_1_121' title='bbox 593 2362 919 2436; x_wconf 89' lang='lat' dir='ltr'>aemulus</span> <span class='ocrx_word' id='word_1_122' title='bbox 973 2361 1208 2434; x_wconf 84' lang='lat' dir='ltr'>fuisse</span> <span class='ocrx_word' id='word_1_123' title='bbox 1255 2360 1560 2434; x_wconf 85' lang='lat' dir='ltr'>videtur</span> <span class='ocrx_word' id='word_1_124' title='bbox 1617 2361 2045 2457; x_wconf 83' lang='lat' dir='ltr'>AEschylus,</span> <span class='ocrx_word' id='word_1_125' title='bbox 2096 2361 2296 2435; x_wconf 89' lang='lat' dir='ltr'>circa</span> <span class='ocrx_word' id='word_1_126' title='bbox 2344 2361 2622 2458; x_wconf 85' lang='lat' dir='ltr'>viginti</span> <span class='ocrx_word' id='word_1_127' title='bbox 2676 2360 2896 2434; x_wconf 87' lang='lat' dir='ltr'>annis</span> 
     </span>
     <span class='ocr_line' id='line_1_17' title="bbox 596 2484 2899 2581; baseline 0 -23"><span class='ocrx_word' id='word_1_128' title='bbox 596 2486 890 2571; x_wconf 83' lang='lat' dir='ltr'>minor3</span> <span class='ocrx_word' id='word_1_129' title='bbox 934 2508 1269 2581; x_wconf 88' lang='lat' dir='ltr'>namque</span> <span class='ocrx_word' id='word_1_130' title='bbox 1302 2484 1387 2556; x_wconf 92' lang='lat' dir='ltr'>hi</span> <span class='ocrx_word' id='word_1_131' title='bbox 1422 2485 1573 2558; x_wconf 92' lang='lat' dir='ltr'>duo</span> <span class='ocrx_word' id='word_1_132' title='bbox 1606 2484 1840 2580; x_wconf 84' lang='lat' dir='ltr'>primi</span> <span class='ocrx_word' id='word_1_133' title='bbox 1874 2488 2222 2559; x_wconf 72' lang='lat' dir='ltr'><strong>auctores</strong></span> <span class='ocrx_word' id='word_1_134' title='bbox 2254 2485 2647 2581; x_wconf 71' lang='lat' dir='ltr'>tragoediae</span> <span class='ocrx_word' id='word_1_135' title='bbox 2679 2509 2899 2562; x_wconf 86' lang='lat' dir='ltr'>novae</span> 
     </span>
     <span class='ocr_line' id='line_1_18' title="bbox 598 2608 2897 2705; baseline 0 -22"><span class='ocrx_word' id='word_1_136' title='bbox 598 2632 686 2683; x_wconf 90' lang='lat' dir='ltr'>ac</span> <span class='ocrx_word' id='word_1_137' title='bbox 724 2608 1073 2705; x_wconf 85' lang='lat' dir='ltr'>lugubris</span> <span class='ocrx_word' id='word_1_138' title='bbox 1114 2612 1355 2697; x_wconf 88' lang='lat' dir='ltr'>erant,</span> <span class='ocrx_word' id='word_1_139' title='bbox 1400 2610 1854 2705; x_wconf 85' lang='lat' dir='ltr'>argumento</span> <span class='ocrx_word' id='word_1_140' title='bbox 1895 2609 2060 2705; x_wconf 90' lang='lat' dir='ltr'>ejus</span> <span class='ocrx_word' id='word_1_141' title='bbox 2105 2609 2202 2682; x_wconf 92' lang='lat' dir='ltr'>ad</span> <span class='ocrx_word' id='word_1_142' title='bbox 2240 2609 2537 2682; x_wconf 86' lang='lat' dir='ltr'>fabulas</span> <span class='ocrx_word' id='word_1_143' title='bbox 2582 2612 2661 2683; x_wconf 87' lang='lat' dir='ltr'>et</span> <span class='ocrx_word' id='word_1_144' title='bbox 2702 2611 2897 2684; x_wconf 87' lang='lat' dir='ltr'>cala-</span> 
     </span>
     <span class='ocr_line' id='line_1_19' title="bbox 595 2730 2898 2828; baseline 0 -25"><span class='ocrx_word' id='word_1_145' title='bbox 595 2731 905 2804; x_wconf 87' lang='lat' dir='ltr'>mitates</span> <span class='ocrx_word' id='word_1_146' title='bbox 966 2731 1431 2822; x_wconf 84' lang='lat' dir='ltr'>converso‡;</span> <span class='ocrx_word' id='word_1_147' title='bbox 1502 2730 1708 2828; x_wconf 87' lang='lat' dir='ltr'>quod</span> <span class='ocrx_word' id='word_1_148' title='bbox 1767 2754 2008 2827; x_wconf 92' lang='lat' dir='ltr'>quum</span> <span class='ocrx_word' id='word_1_149' title='bbox 2067 2732 2344 2806; x_wconf 76' lang='lat' dir='ltr'>diserte</span> <span class='ocrx_word' id='word_1_150' title='bbox 2411 2732 2898 2806; x_wconf 88' lang='lat' dir='ltr'>affirmaverit</span> 
     </span>
     <span class='ocr_line' id='line_1_20' title="bbox 598 2854 2894 2944; baseline 0.001 -17"><span class='ocrx_word' id='word_1_151' title='bbox 598 2854 1080 2942; x_wconf 79' lang='lat' dir='ltr'>PlutarchUS,</span> <span class='ocrx_word' id='word_1_152' title='bbox 1151 2855 1372 2929; x_wconf 87' lang='lat' dir='ltr'>valde</span> <span class='ocrx_word' id='word_1_153' title='bbox 1448 2854 1770 2928; x_wconf 90' lang='lat' dir='ltr'>dubium</span> <span class='ocrx_word' id='word_1_154' title='bbox 1843 2855 2170 2944; x_wconf 84' lang='lat' dir='ltr'>videtur,</span> <span class='ocrx_word' id='word_1_155' title='bbox 2249 2881 2443 2930; x_wconf 88' lang='lat' dir='ltr'>num</span> <span class='ocrx_word' id='word_1_156' title='bbox 2518 2856 2894 2944; x_wconf 77' lang='lat' dir='ltr'>PratinaS‚</span> 
     </span>
     <span class='ocr_line' id='line_1_21' title="bbox 600 2978 2897 3077; baseline 0.002 -28"><span class='ocrx_word' id='word_1_157' title='bbox 600 3001 930 3072; x_wconf 87' lang='lat' dir='ltr'>quocum</span> <span class='ocrx_word' id='word_1_158' title='bbox 972 2978 1376 3075; x_wconf 85' lang='lat' dir='ltr'>AEschylus</span> <span class='ocrx_word' id='word_1_159' title='bbox 1424 2979 1899 3052; x_wconf 78' lang='lat' dir='ltr'>contendisse</span> <span class='ocrx_word' id='word_1_160' title='bbox 1941 2982 2322 3067; x_wconf 75' lang='lat' dir='ltr'>narratur,</span> <span class='ocrx_word' id='word_1_161' title='bbox 2376 2980 2574 3052; x_wconf 86' lang='lat' dir='ltr'>ullas</span> <span class='ocrx_word' id='word_1_162' title='bbox 2619 2982 2897 3077; x_wconf 83' lang='lat' dir='ltr'>tragoe-</span> 
     </span>
     <span class='ocr_line' id='line_1_22' title="bbox 599 3101 2895 3200; baseline 0.001 -24"><span class='ocrx_word' id='word_1_163' title='bbox 599 3102 783 3189; x_wconf 85' lang='lat' dir='ltr'>dias,</span> <span class='ocrx_word' id='word_1_164' title='bbox 871 3102 1173 3199; x_wconf 87' lang='lat' dir='ltr'>proprie</span> <span class='ocrx_word' id='word_1_165' title='bbox 1256 3101 1362 3176; x_wconf 88' lang='lat' dir='ltr'>sic</span> <span class='ocrx_word' id='word_1_166' title='bbox 1440 3101 1704 3189; x_wconf 83' lang='lat' dir='ltr'>dictas,</span> <span class='ocrx_word' id='word_1_167' title='bbox 1792 3103 2154 3190; x_wconf 81' lang='lat' dir='ltr'>docuerit,</span> <span class='ocrx_word' id='word_1_168' title='bbox 2243 3103 2612 3200; x_wconf 88' lang='lat' dir='ltr'>quidquid</span> <span class='ocrx_word' id='word_1_169' title='bbox 2695 3103 2895 3178; x_wconf 84' lang='lat' dir='ltr'>dicat</span> 
     </span>
     <span class='ocr_line' id='line_1_23' title="bbox 602 3224 2898 3325; baseline 0 -25"><span class='ocrx_word' id='word_1_170' title='bbox 602 3228 893 3313; x_wconf 79' lang='lat' dir='ltr'>SuidaS,</span> <span class='ocrx_word' id='word_1_171' title='bbox 934 3226 1065 3324; x_wconf 86' lang='lat' dir='ltr'>qui</span> <span class='ocrx_word' id='word_1_172' title='bbox 1102 3226 1331 3312; x_wconf 80' lang='lat' dir='ltr'>soluS,</span> <span class='ocrx_word' id='word_1_173' title='bbox 1369 3226 1459 3297; x_wconf 88' lang='lat' dir='ltr'>ut</span> <span class='ocrx_word' id='word_1_174' title='bbox 1495 3224 1788 3321; x_wconf 87' lang='lat' dir='ltr'>opinor,</span> <span class='ocrx_word' id='word_1_175' title='bbox 1832 3226 2170 3299; x_wconf 86' lang='lat' dir='ltr'>Pratinae</span> <span class='ocrx_word' id='word_1_176' title='bbox 2212 3228 2582 3325; x_wconf 68' lang='grc' dir='ltr'>τραγῳδίας</span> <span class='ocrx_word' id='word_1_177' title='bbox 2615 3251 2898 3301; x_wconf 93' lang='lat' dir='ltr'>memo-</span> 
     </span>
     <span class='ocr_line' id='line_1_24' title="bbox 598 3352 2895 3453; baseline 0 -26"><span class='ocrx_word' id='word_1_178' title='bbox 598 3357 745 3428; x_wconf 85' lang='lat' dir='ltr'>rat.</span> <span class='ocrx_word' id='word_1_179' title='bbox 850 3354 1058 3445; x_wconf 80' lang='lat' dir='ltr'>Quin</span> <span class='ocrx_word' id='word_1_180' title='bbox 1093 3356 1170 3428; x_wconf 90' lang='lat' dir='ltr'>et</span> <span class='ocrx_word' id='word_1_181' title='bbox 1205 3352 1615 3429; x_wconf 89' lang='lat' dir='ltr'>verisimile</span> <span class='ocrx_word' id='word_1_182' title='bbox 1661 3357 1776 3426; x_wconf 89' lang='lat' dir='ltr'>est</span> <span class='ocrx_word' id='word_1_183' title='bbox 1815 3378 1908 3430; x_wconf 85' lang='lat' dir='ltr'>ne</span> <span class='ocrx_word' id='word_1_184' title='bbox 1942 3354 2196 3452; x_wconf 90' lang='lat' dir='ltr'>ipsum</span> <span class='ocrx_word' id='word_1_185' title='bbox 2231 3354 2538 3452; x_wconf 86' lang='lat' dir='ltr'>quidem</span> <span class='ocrx_word' id='word_1_186' title='bbox 2571 3356 2895 3453; x_wconf 83' lang='lat' dir='ltr'>Phryni-</span> 
     </span>
     <span class='ocr_line' id='line_1_25' title="bbox 602 3478 2895 3577; baseline 0 -24"><span class='ocrx_word' id='word_1_187' title='bbox 602 3479 833 3553; x_wconf 93' lang='lat' dir='ltr'>chum</span> <span class='ocrx_word' id='word_1_188' title='bbox 885 3480 1187 3556; x_wconf 85' lang='lat' dir='ltr'>heroica</span> <span class='ocrx_word' id='word_1_189' title='bbox 1236 3482 1372 3553; x_wconf 93' lang='lat' dir='ltr'>aut</span> <span class='ocrx_word' id='word_1_190' title='bbox 1422 3478 1781 3577; x_wconf 85' lang='lat' dir='ltr'>lugubria</span> <span class='ocrx_word' id='word_1_191' title='bbox 1829 3479 1912 3553; x_wconf 92' lang='lat' dir='ltr'>in</span> <span class='ocrx_word' id='word_1_192' title='bbox 1962 3480 2242 3554; x_wconf 85' lang='lat' dir='ltr'>fabulis</span> <span class='ocrx_word' id='word_1_193' title='bbox 2297 3480 2455 3555; x_wconf 86' lang='lat' dir='ltr'>suis</span> <span class='ocrx_word' id='word_1_194' title='bbox 2506 3482 2895 3567; x_wconf 83' lang='lat' dir='ltr'>tractasse,</span> 
     </span>
     <span class='ocr_line' id='line_1_26' title="bbox 598 3603 2896 3701; baseline 0.001 -28"><span class='ocrx_word' id='word_1_195' title='bbox 598 3603 748 3674; x_wconf 89' lang='lat' dir='ltr'>nisi</span> <span class='ocrx_word' id='word_1_196' title='bbox 782 3604 875 3676; x_wconf 91' lang='lat' dir='ltr'>ab</span> <span class='ocrx_word' id='word_1_197' title='bbox 913 3605 1268 3699; x_wconf 82' lang='lat' dir='ltr'>AEschylo</span> <span class='ocrx_word' id='word_1_198' title='bbox 1303 3604 1681 3676; x_wconf 87' lang='lat' dir='ltr'>edoctum.</span> <span class='ocrx_word' id='word_1_199' title='bbox 1771 3606 2123 3700; x_wconf 89' lang='lat' dir='ltr'>Namque</span> <span class='ocrx_word' id='word_1_200' title='bbox 2159 3606 2605 3701; x_wconf 86' lang='lat' dir='ltr'>AEschylum</span> <span class='ocrx_word' id='word_1_201' title='bbox 2638 3605 2896 3701; x_wconf 88' lang='lat' dir='ltr'>hujus-</span> 
     </span>
     <span class='ocr_line' id='line_1_27' title="bbox 599 3726 2899 3821; baseline 0.001 -23"><span class='ocrx_word' id='word_1_202' title='bbox 599 3726 808 3800; x_wconf 87' lang='lat' dir='ltr'>modi</span> <span class='ocrx_word' id='word_1_203' title='bbox 859 3726 1205 3799; x_wconf 85' lang='lat' dir='ltr'>dramata</span> <span class='ocrx_word' id='word_1_204' title='bbox 1247 3726 1330 3796; x_wconf 89' lang='lat' dir='ltr'>in</span> <span class='ocrx_word' id='word_1_205' title='bbox 1386 3747 1692 3798; x_wconf 89' lang='lat' dir='ltr'>scenam</span> <span class='ocrx_word' id='word_1_206' title='bbox 1741 3726 2078 3821; x_wconf 90' lang='lat' dir='ltr'>primum</span> <span class='ocrx_word' id='word_1_207' title='bbox 2125 3727 2538 3813; x_wconf 88' lang='lat' dir='ltr'>induxisse,</span> <span class='ocrx_word' id='word_1_208' title='bbox 2593 3730 2670 3799; x_wconf 87' lang='lat' dir='ltr'>et</span> <span class='ocrx_word' id='word_1_209' title='bbox 2720 3728 2899 3800; x_wconf 91' lang='lat' dir='ltr'>ridi-</span> 
     </span>
    </p>
   </div>
   <div class='ocr_carea' id='block_1_3' title="bbox 600 3848 2898 4072">
    <p class='ocr_par' dir='ltr' id='par_1_4' title="bbox 600 3848 2898 4072">
     <span class='ocr_line' id='line_1_28' title="bbox 600 3848 2898 3949; baseline 0 -25"><span class='ocrx_word' id='word_1_210' title='bbox 600 3851 809 3925; x_wconf 89' lang='lat' dir='ltr'>culas</span> <span class='ocrx_word' id='word_1_211' title='bbox 842 3850 1235 3947; x_wconf 69' lang='lat' dir='ltr'>tragoediae</span> <span class='ocrx_word' id='word_1_212' title='bbox 1260 3872 1506 3945; x_wconf 83' lang='lat' dir='ltr'>nugas</span> <span class='ocrx_word' id='word_1_213' title='bbox 1543 3848 1755 3921; x_wconf 90' lang='lat' dir='ltr'>seriis</span> <span class='ocrx_word' id='word_1_214' title='bbox 1781 3850 2142 3936; x_wconf 88' lang='lat' dir='ltr'>mutasse,</span> <span class='ocrx_word' id='word_1_215' title='bbox 2171 3849 2597 3924; x_wconf 86' lang='lat' dir='ltr'>luculenter</span> <span class='ocrx_word' id='word_1_216' title='bbox 2627 3852 2898 3949; x_wconf 86' lang='lat' dir='ltr'>probat</span> 
     </span>
     <span class='ocr_line' id='line_1_29' title="bbox 600 3972 1650 4072; baseline -0.002 -25"><span class='ocrx_word' id='word_1_217' title='bbox 600 3972 1151 4072; x_wconf 85' lang='lat' dir='ltr'>Aristophanes</span> <span class='ocrx_word' id='word_1_218' title='bbox 1187 3974 1387 4045; x_wconf 81' lang='lat' dir='ltr'>Ran.</span> <span class='ocrx_word' id='word_1_219' title='bbox 1427 3974 1650 4045; x_wconf 75' lang='lat'><strong>1004.</strong></span> 
     </span>
    </p>
   </div>
   <div class='ocr_carea' id='block_1_4' title="bbox 600 4200 2893 4569">
    <p class='ocr_par' dir='ltr' id='par_1_5' title="bbox 600 4200 2893 4375">
     <span class='ocr_line' id='line_1_30' title="bbox 684 4200 2893 4282; baseline 0 -21"><span class='ocrx_word' id='word_1_220' title='bbox 684 4203 717 4240; x_wconf 87' lang='grc'><em>*</em></span> <span class='ocrx_word' id='word_1_221' title='bbox 764 4203 890 4262; x_wconf 91' lang='lat' dir='ltr'>Imo</span> <span class='ocrx_word' id='word_1_222' title='bbox 920 4202 1269 4262; x_wconf 85' lang='lat' dir='ltr'>lamblichus</span> <span class='ocrx_word' id='word_1_223' title='bbox 1294 4200 1355 4259; x_wconf 91' lang='lat' dir='ltr'>in</span> <span class='ocrx_word' id='word_1_224' title='bbox 1384 4200 1800 4280; x_wconf 83' lang='lat' dir='ltr'>Babyloniacis.</span> <span class='ocrx_word' id='word_1_225' title='bbox 1845 4201 1981 4260; x_wconf 83' lang='lat' dir='ltr'>vid.</span> <span class='ocrx_word' id='word_1_226' title='bbox 2013 4201 2317 4263; x_wconf 85' lang='lat' dir='ltr'>Colomesii</span> <span class='ocrx_word' id='word_1_227' title='bbox 2345 4204 2547 4263; x_wconf 86' lang='lat' dir='ltr'>Cimel.</span> <span class='ocrx_word' id='word_1_228' title='bbox 2573 4204 2689 4264; x_wconf 86' lang='lat' dir='ltr'>Lit.</span> <span class='ocrx_word' id='word_1_229' title='bbox 2710 4225 2770 4282; x_wconf 90' lang='lat' dir='ltr'>p.</span> <span class='ocrx_word' id='word_1_230' title='bbox 2802 4208 2893 4261; x_wconf 83' lang='lat'>15.</span> 
     </span>
     <span class='ocr_line' id='line_1_31' title="bbox 600 4297 1990 4375; baseline -0.001 -18"><span class='ocrx_word' id='word_1_231' title='bbox 600 4298 870 4357; x_wconf 82' lang='lat' dir='ltr'>Chardon</span> <span class='ocrx_word' id='word_1_232' title='bbox 899 4300 969 4358; x_wconf 88' lang='lat' dir='ltr'>de</span> <span class='ocrx_word' id='word_1_233' title='bbox 996 4299 1053 4357; x_wconf 82' lang='lat' dir='ltr'>la</span> <span class='ocrx_word' id='word_1_234' title='bbox 1081 4298 1362 4357; x_wconf 87' lang='lat' dir='ltr'>Rochette</span> <span class='ocrx_word' id='word_1_235' title='bbox 1398 4298 1698 4373; x_wconf 56' lang='lat' dir='ltr'>Melanyes</span> <span class='ocrx_word' id='word_1_236' title='bbox 1727 4297 1777 4355; x_wconf 93' lang='grc' dir='ltr'>Ι.</span> <span class='ocrx_word' id='word_1_237' title='bbox 1809 4318 1868 4375; x_wconf 92' lang='lat' dir='ltr'>p.</span> <span class='ocrx_word' id='word_1_238' title='bbox 1894 4300 1990 4356; x_wconf 87' lang='lat'>31.</span> 
     </span>
    </p>

    <p class='ocr_par' dir='ltr' id='par_1_6' title="bbox 679 4393 2291 4473">
     <span class='ocr_line' id='line_1_32' title="bbox 679 4393 2291 4473; baseline 0.001 -22"><span class='ocrx_word' id='word_1_239' title='bbox 679 4396 720 4466; x_wconf 85' lang='lat'>†</span> <span class='ocrx_word' id='word_1_240' title='bbox 764 4394 1029 4473; x_wconf 90' lang='lat' dir='ltr'>Xenoph.</span> <span class='ocrx_word' id='word_1_241' title='bbox 1064 4395 1277 4473; x_wconf 79' lang='lat' dir='ltr'>Cyl-op.</span> <span class='ocrx_word' id='word_1_242' title='bbox 1312 4394 1361 4451; x_wconf 94' lang='grc' dir='ltr'>Ι.</span> <span class='ocrx_word' id='word_1_243' title='bbox 1386 4393 1465 4451; x_wconf 91' lang='lat' dir='ltr'>iii.</span> <span class='ocrx_word' id='word_1_244' title='bbox 1500 4398 1555 4453; x_wconf 88' lang='lat'>2.</span> <span class='ocrx_word' id='word_1_245' title='bbox 1643 4394 1816 4452; x_wconf 80' lang='lat' dir='ltr'>Corn.</span> <span class='ocrx_word' id='word_1_246' title='bbox 1851 4394 2000 4471; x_wconf 89' lang='lat' dir='ltr'>Nep.</span> <span class='ocrx_word' id='word_1_247' title='bbox 2036 4394 2200 4452; x_wconf 91' lang='lat' dir='ltr'><strong>XIV.</strong></span> <span class='ocrx_word' id='word_1_248' title='bbox 2235 4400 2291 4453; x_wconf 88' lang='grc'>3.</span> 
     </span>
    </p>

    <p class='ocr_par' dir='ltr' id='par_1_7' title="bbox 681 4488 2594 4569">
     <span class='ocr_line' id='line_1_33' title="bbox 681 4488 2594 4569; baseline 0.002 -23"><span class='ocrx_word' id='word_1_249' title='bbox 681 4491 715 4563; x_wconf 68' lang='lat'>1</span> <span class='ocrx_word' id='word_1_250' title='bbox 761 4488 1052 4548; x_wconf 83' lang='lat' dir='ltr'>Plutarch.</span> <span class='ocrx_word' id='word_1_251' title='bbox 1086 4490 1350 4569; x_wconf 87' lang='lat' dir='ltr'>Sympos.</span> <span class='ocrx_word' id='word_1_252' title='bbox 1384 4490 1434 4548; x_wconf 92' lang='lat' dir='ltr'>I.</span> <span class='ocrx_word' id='word_1_253' title='bbox 1475 4494 1524 4547; x_wconf 89' lang='lat'>1.</span> <span class='ocrx_word' id='word_1_254' title='bbox 1611 4489 1802 4549; x_wconf 81' lang='lat' dir='ltr'>Bentl.</span> <span class='ocrx_word' id='word_1_255' title='bbox 1836 4489 2075 4550; x_wconf 84' lang='lat' dir='ltr'>Dissert.</span> <span class='ocrx_word' id='word_1_256' title='bbox 2109 4490 2335 4549; x_wconf 82' lang='lat' dir='ltr'>Phalar.</span> <span class='ocrx_word' id='word_1_257' title='bbox 2366 4511 2424 4568; x_wconf 91' lang='lat' dir='ltr'>p.</span> <span class='ocrx_word' id='word_1_258' title='bbox 2460 4495 2594 4550; x_wconf 80' lang='lat'><strong>243.</strong></span> 
     </span>
    </p>
   </div>
  </div>
 </body>
</html>
