3282 5193
651 409 749 478 98
1508 422 2012 480 αιοεεΑΒΙπΜ

654 607 1008 675 circumsilit,
1040 607 1262 680 aymine
1273 607 1466 682 facto,
1497 606 1833 664 Morborum
1869 624 2029 663 omne
2060 603 2290 680 oenus.)
2333 603 2474 662 ibid.
2513 606 2686 662 1031.
2773 604 2868 664 Sic

658 697 867 756 Horat.
899 695 1091 754 Carm.
1124 697 1177 754 Ι.
1207 699 1508 754 xxxv.··30.
1538 698 1812 772 juvenum
1842 715 2036 757 recem
2066 695 2341 753 E'ccamen.
2425 694 2614 773 Epod.
2648 695 2734 753 ΙΙ.
2769 698 2865 754 65.

657 791 999 865 Positosque
1046 808 1268 857 vernas,
1314 791 1459 846 ditis
1504 808 1735 846 examen
1784 790 1999 845 domus.
2085 786 2178 844 Cf.
2222 784 2596 845 Valckenaer.
2640 785 2751 864 Ep.
2795 785 2870 845 ad

662 881 871 938 Rover.
902 901 963 959 p.
995 882 1094 942 47.

750 1027 882 1082 134.
924 995 1346 1105 ἸΟρχαμοςᾶ
1432 1026 1589 1083 Dux.
1675 1024 1803 1082 Vox
1852 1022 2180 1081 Homerica.
2286 1021 2544 1101 Hesych.
2601 1003 2871 1100 Ὄρχαμὲ

665 1116 844 1169 λαιιῖν.
905 1108 1101 1185 (Iliad.
1132 1113 1213 1171 Ξ.
1242 1111 1401 1183 102.)
1432 1109 1706 1183 βασιλεὺς
1737 1114 1896 1184 ἄγων
1925 1113 2092 1168 λαόν.
2162 1108 2336 1167 Venit
2363 1116 2558 1168 autem
2586 1109 2655 1167 ab
2687 1111 2869 1188 ὄρχος,

660 1202 817 1260 idem
845 1200 1057 1279 quod’'
1028 1225 1283 1279 ορχατοε,
1306 1205 1485 1260 series
1500 1211 1656 1261 recte
1676 1205 1967 1271 ordinata,
1991 1204 2239 1281 ὄρχαμος
2265 1201 2360 1259 ille
2388 1208 2474 1260 est
2501 1201 2600 1280 qui
2627 1190 2870 1269 ordinat,

662 1293 817 1351 idem
844 1313 910 1350 ac
938 1300 1222 1371 κοσμὴτωρ
1251 1295 1429 1352 λαῶν.

754 1437 885 1493 135.
941 1411 1509 1517 Ἀμφῖζευκτος.
1604 1435 1885 1512 Utrinque
1912 1437 2236 1510 colligatus,
2268 1369 2480 1493 scilicet
2522 1453 2592 1492 ex
2629 1441 2873 1512 utraque

666 1521 1011 1581 continente.
1097 1519 1365 1605 Intelligo
1413 1529 1605 1579 autem
1649 1541 1753 1599 per
1800 1526 2176 1600 ἀμφίζευκτον
2217 1544 2428 1599 πρωνα,
2478 1529 2732 1597 pontem,
2775 1520 2876 1598 qui

665 1613 727 1670 in
754 1610 1128 1690 promontorii
1155 1613 1391 1670 modum
1420 1632 1489 1670 ex
1515 1619 1757 1690 utraque
1783 1614 2108 1672 continente
2142 1612 2492 1680 excurrebat,
2523 1619 2580 1669 et
2608 1612 2688 1670 sic
2717 1615 2874 1672 ἅλιος

668 1707 844 1779 πρών,
892 1704 1071 1763 κοινὸς
1111 1707 1427 1783 ἀμφοτέρας
1472 1706 1620 1773 α’ίας,
1663 1704 1852 1773 fiebat,
1891 1725 2022 1782 quae
2062 1723 2228 1762 voces
2270 1704 2365 1761 vix
2406 1703 2477 1760 de
2519 1702 2874 1762 Chersoneso

670 1795 951 1854 Thracica
986 1794 1097 1853 dici
1134 1801 1465 1872 potuerunt,
1496 1795 1652 1873 quod
1691 1794 1956 1872 opinatur
1999 1795 2322 1855 Schutzius.
2405 1793 2540 1852 vid.
2573 1813 2747 1871 supra
2775 1796 2872 1855 69.

672 1888 852 1946 Porro
894 1885 1197 1966 ἐξαμείβω,
1231 1887 1479 1962 trajicio,
1509 1885 1621 1945 hoc
1663 1885 1833 1944 etiam
1876 1887 2100 1946 evincit.
2185 1887 2386 1965 Eurip.
2419 1884 2704 1944 Phoeniss.
2739 1889 2874 1944 131.

672 1980 787 2038 Τὸν
815 1979 858 2038 δ’
888 1978 1242 2057 ἐξαμείβοντ’
1268 1980 1531 2056 οὐχ’ὀρᾷς
1564 1984 1759 2055 Δίρκης
1790 1978 1966 2056 ὕδωρς

760 2135 891 2192 136.
954 2110 1207 2213 Πρῶν.
1280 2133 1762 2190 Promontorium.
1834 2132 2060 2208 Nempe
2088 2135 2273 2205 προὼν
2301 2135 2397 2200 τῆς
2425 2134 2548 2204 γῆς,
2570 2129 2652 2187 sic
2675 2129 2880 2188 melius

674 2219 1044 2279 derivandum
1089 2239 1261 2297 quam
1306 2239 1341 2276 a
1378 2223 1603 2296 προϊὼν,
1634 2238 1764 2276 cum
1811 2217 2065 2295 Etymol.
2107 2217 2194 2274 M.
2224 2237 2282 2294 p.
2325 2219 2458 2285 692,
2489 2219 2589 2280 47.
2674 2215 2880 2274 Forma

672 2311 871 2371 Ionica
896 2318 1018 2370 erat
1038 2314 1263 2390 πρώων.
1336 2310 1503 2368 Iliad.
1529 2317 1599 2368 Π.
1625 2314 1763 2370 299.
1795 2313 2038 2386 πρώονες
2077 2311 2250 2384 ἄκροι.
2327 2307 2529 2384 Eurip.
2555 2307 2717 2386 Cycl.
2745 2309 2877 2366 116.

675 2407 867 2481 ἔρημοι
911 2410 1127 2481 πρῶνες
1168 2405 1503 2478 ἀνθρώπων.
1590 2400 1861 2478 Sophocl.
1898 2399 2166 2458 Trachin.
2202 2402 2338 2462 790.
2440 2404 2668 2476 Λοκρῶν
2709 2399 2879 2476 ὄρειοι

672 2501 904 2573 πρῶνες.
992 2496 1082 2554 Id.
1114 2515 1207 2573 ap.
1240 2495 1432 2553 Schol.
1463 2493 1762 2588 Aristopli.
1797 2493 1943 2550 Ran.
1978 2493 2113 2553 678.
2161 2495 2408 2566 Αἰγαίου
2435 2496 2666 2568 πρῶνοε.

761 2579 926 2710 139..
952 2632 1027 2705 Π
1034 2628 1381 2723 ι’μπλημι.
1473 2647 1754 2722 compleo.
1840 2645 2052 2704 Paulus
2115 2645 2489 2716 SilentiariuS,
2547 2646 2882 2705 emendatus

674 2756 707 2795 a
732 2734 957 2813 Toupio
984 2735 1045 2793 in
1070 2733 1361 2792 Theocrit.
1393 2733 1558 2790 XIV.
1590 2736 1689 2797 37.
1730 2732 1802 2789 ‘H
1844 2732 1888 2791 δ’
1917 2732 2404 2813 ὑποπιμπλαμένη
2448 2734 2712 2810 δάκρυσιν
2753 2734 2880 2793 εἶπε

673 2828 827 2887 τάδε.
912 2827 1000 2885 De
1026 2824 1436 2902 orthographia
1460 2823 1635 2903 hujus
1663 2824 1816 2882 vocis
1843 2824 1958 2883 vid.
1989 2825 2138 2884 infra
2163 2825 2238 2883 ad
2269 2827 2407 2883 815.

763 2942 895 3038 146.
953 2951 1550 3058 *Ἀκροπενθήςκ
1638 2978 1860 3035 Summo
1886 2978 2084 3035 dolore
2111 2996 2432 3053 oppressus.
2508 2976 2703 3035 Simile
2729 2997 2883 3037 com-

678 3066 937 3143 positum
966 3071 1053 3122 est
1080 3066 1394 3141 ἀκράχολος
1420 3066 1739 3122 iracundiae
1757 3066 1926 3121 valde
1947 3065 2236 3137 obnoxius,
2259 3085 2352 3142 ap.
2374 3064 2598 3122 Platon.
2623 3064 2770 3141 Rep.
2792 3066 2880 3124 ΙΙ.

678 3154 991 3232 Ατίεῐορῇ.
1011 3154 1122 3232 Eq.
1152 3158 1251 3212 42.
1283 3154 1487 3231 fragm.
1513 3157 1646 3213 133.
1730 3154 2059 3233 Epinicium
2089 3176 2182 3233 ap.
2207 3154 2423 3214 Athen.
2451 3155 2527 3214 X.
2557 3175 2618 3232 p.
2647 3160 2786 3215 431.
2807 3155 2879 3213 Ε.

681 3248 836 3326 quod
862 3244 1088 3305 divisim
1115 3245 1391 3323 expressit
1420 3245 1702 3304 Herodot.
1737 3246 1789 3304 Ι.
1824 3249 1918 3309 73.
1965 3249 2144 3322 ὀργὴν
2177 3251 2359 3325 ἄκρος.
2403 3248 2482 3307 sic
2509 3249 2659 3305 enim
2689 3243 2884 3307 certis-

682 3338 821 3399 sime
846 3336 1172 3415 legendum,
1203 3334 1473 3414 quicquid
1500 3334 1567 3393 in'
1587 3336 1927 3395 contrariam
1964 3345 2183 3415 partem
2219 3357 2404 3417 nuper
2432 3336 2716 3414 scripserit
2743 3357 2884 3395 non-

679 3450 847 3491 nemo
868 3429 931 3488 in
957 3429 1089 3488 Act.
1122 3427 1405 3506 Lipsiens.
1429 3427 1499 3485 T.
1524 3427 1612 3485 II.
1644 3448 1705 3505 p.
1737 3430 1874 3487 281.

624 3614 631 3621 .
770 3574 903 3649 1451.
960 3544 1334 3650 Φιλᾶνωρ.
1406 3570 1940 3631 Maritum-amam.
1981 3567 2134 3627 idem
2155 3588 2221 3627 ac
2241 3568 2562 3647 φίλανδρος.
2621 3566 2884 3629 Musaeus

684 3658 824 3719 267.
870 3656 1106 3715 Coluth.
1127 3658 1265 3719 267.
1310 3655 1443 3713 Vid.
1469 3656 1708 3715 Passov.
1725 3654 1786 3713 in
1808 3655 1942 3713 Act.
1963 3655 2090 3713 Soc.
2114 3654 2273 3732 Lips.
2296 3654 2346 3713 Ι.
2367 3674 2428 3731 p.
2463 3656 2593 3713 118.
2680 3655 2885 3715 Postea

682 3766 817 3805 vero
855 3746 993 3804 huic
1023 3746 1148 3805 voci
1186 3746 1338 3804 mala
1377 3746 1714 3823 significatio
1755 3744 2016 3805 accrevit.
2101 3745 2233 3804 Vid.
2264 3746 2618 3822 Hermogen.
2649 3766 2713 3823 p.
2744 3750 2885 3807 332.

684 3835 927 3895 citatum
954 3836 1028 3895 ad
1053 3835 1253 3912 Eurip.
1278 3835 1559 3895 Androm.
1593 3839 1729 3896 228.
1761 3837 1852 3895 ed.
1886 3834 2172 3896 Gaisford.
2259 3836 2414 3936 Huic
2441 3838 2726 3895 contraria
2749 3846 2884 3899 sunt

689 3930 989 4005 orvyc'szp
1014 3936 1073 3986 et
1100 3929 1469 4006 ἂστεργᾶνωρ
1499 3928 1794 3987 Prometh.
1828 3931 1963 3991 749.
1995 3931 2132 3988 929

774 4074 906 4129 142.
966 4042 1403 4151 *Aixpnffew-
1490 4068 1826 4126 Bellicosus.
1912 4064 2311 4135 Ruhnkenius,
2342 4065 2390 4125 si
2437 4066 2580 4125 bene
2633 4067 2885 4135 memini,

689 4158 897 4218 alicubi
921 4156 983 4215 in
1010 4155 1285 4233 Epistolis
1314 4140 1539 4214 Criticis
1564 4160 1739 4231 negat
1766 4156 2029 4231 αἰχμήειε
2063 4153 2208 4219 bene
2247 4152 2518 4212 Graecum
2545 4172 2682 4222 esse,
2712 4154 2889 4233 hujus

686 4250 799 4310 loci
839 4269 955 4308 non
995 4246 1343 4307 recordatus·
1428 4246 1646 4305 Eadem
1691 4265 1761 4304 ex
1809 4249 1992 4323 αἰχμὴ
2037 4244 2296 4323 analogia
2330 4244 2625 4313 formatur,
2664 4264 2778 4323 qua
2819 4265 2888 4303 ex

686 4346 878 4421 χαιτὴ,
910 4344 1180 4419 Xan-hem,
1212 4360 1280 4397 ex
1307 4342 1443 4416 ἠχή,
1475 4341 1689 4417 ἠχήεις.

768 4484 922 4541 Ibid.
988 4465 1307 4560 Θοῧρος.
1394 4482 1562 4537 Acer.
1632 4477 1779 4565 yid.
1813 4475 2064 4534 Glossar.
2095 4474 2155 4532 in
2186 4475 2478 4534 Prometh.
2509 4478 2647 4534 363.
