3282 5193
1274 453 1711 510 PRAEFATIO.
2562 437 2644 509 ix

348 636 608 708 noster
645 633 797 706 ista
837 631 1224 708 occasione
1257 633 1638 729 judicium
1685 657 1998 706 suorum
2040 632 2301 705 minus
2335 658 2646 731 aequum

348 760 704 855 expertus
739 757 860 830 sit.
966 757 1185 830 Nihil
1208 756 1450 853 igitur
1482 757 1792 843 mirum,
1832 755 1920 842 si,
1959 755 2378 854 Phrynichi
2410 781 2642 832 aemu-

348 882 654 966 latione,
700 882 1016 954 eandem
1058 905 1236 956 cum
1279 881 1414 955 illo
1456 881 1861 954 materiam
1900 881 2163 977 paucis
2208 884 2380 978 post
2426 883 2647 956 annis

346 1005 728 1080 tractavit.
834 1004 1102 1077 Persas
1149 1005 1353 1078 enim
1399 1003 1656 1078 docuit
1692 1005 2083 1077 Archonte
2118 1005 2474 1092 Menone,
2528 1005 2650 1078 uti

351 1153 445 1202 ex
478 1129 930 1224 argumento
966 1127 1346 1214 discimUS,
1384 1127 1464 1201 id
1497 1130 1635 1214 est,
1663 1128 1782 1202 Ol.
1814 1128 2183 1201 LXXVI.
2222 1133 2293 1202 4³.
2334 1133 2411 1203 et
2445 1153 2650 1204 coro-

350 1273 534 1323 nam
567 1250 870 1322 meruit.
953 1249 1161 1324 Hinc
1195 1252 1455 1323 autem
1486 1251 1781 1323 factum
1816 1254 1955 1336 est,
1993 1254 2084 1323 ut
2119 1252 2408 1349 opinor,
2449 1253 2653 1349 quod

350 1373 554 1446 inter
609 1372 1026 1468 Phrynichi
1077 1372 1490 1469 tragoedias
1533 1377 2028 1447 recensentur
2082 1376 2286 1471 apud
2339 1376 2653 1450 Suidam

356 1498 697 1569 Φοίνισσαι
723 1501 800 1569 et
832 1502 1115 1588 Πέρσαι,
1146 1521 1473 1593 quarum
1495 1497 1634 1570 illa
1661 1497 2103 1594 Phrynichi,
2133 1499 2299 1573 haec
2320 1499 2658 1598 AEschyli

353 1622 525 1707 fuit,
583 1620 851 1692 similis
902 1621 1358 1718 argumenti,
1411 1619 1665 1694 titulis
1714 1623 2031 1694 tantum
2083 1621 2536 1712 differenteS,
2592 1626 2657 1698 si

353 1769 624 1820 verum
658 1744 780 1831 sit,
819 1745 1023 1840 quod
1054 1744 1291 1844 tradit
1315 1744 1653 1818 Glaucus
1689 1744 1893 1843 apud
1925 1747 2363 1842 argumenti
2395 1751 2652 1824 aucto-

354 1892 540 1955 rem,
586 1869 924 1966 AEschyli
967 1869 1238 1956 Persas
1283 1892 1377 1942 ex
1418 1868 1838 1966 Phrynichi
1892 1869 2311 1943 Phoenissis
2355 1906 2654 1967 παραπε-

357 1997 682 2074 ποιῆσθαι.
792 1994 938 2067 Sed
975 1993 1175 2065 nihil
1214 1993 1424 2066 aliud
1471 1993 1875 2089 significat,
1922 2017 2153 2090 quam
2187 1995 2653 2095 AEschylum,

357 2115 622 2188 eodem
665 2116 821 2188 fere
852 2117 1078 2190 modo
1127 2139 1276 2214 quo
1312 2117 1821 2214 Phrynichus,
1870 2117 2149 2189 Xerxis
2192 2119 2484 2193 cladem
2523 2146 2658 2219 per

358 2242 830 2313 narratorem
856 2244 1046 2313 ante'
1062 2243 1578 2337 spectatorum
1603 2241 1863 2314 oculos
1889 2239 2249 2337 posuisse.
2306 2243 2661 2340 Namque

358 2362 681 2461 insignis
741 2366 857 2438 est
924 2364 1126 2437 inter
1195 2364 1383 2437 duos
1452 2366 1799 2437 auctores
1869 2363 2263 2437 diversitas
2331 2366 2426 2438 ab
2492 2367 2659 2465 ipso

363 2487 652 2562 Glauco
720 2491 1351 2562 commemorata:
1443 2487 1649 2584 quod
1714 2488 1917 2586 apud
1986 2487 2510 2585 Phrynichum
2575 2491 2659 2566 in

357 2611 523 2711 ipso
564 2599 844 2687 fabulae
883 2614 1106 2691 initio
1146 2614 1485 2688 narratio
1526 2614 1620 2687 ab
1664 2614 2015 2695 eunucho
2059 2613 2262 2688 facta
2295 2615 2418 2703 sit,
2456 2616 2660 2715 apud

360 2736 805 2833 AEschylum
843 2760 1046 2823 ver0,
1099 2761 1255 2811 non
1295 2736 1447 2810 nisi
1484 2739 1658 2835 post
1694 2737 1927 2811 Chori
1969 2737 2305 2812 nobilem
2344 2744 2660 2815 cantum

362 2861 440 2932 et
482 2854 950 2958 colloquium
1003 2862 1165 2959 ejus
1212 2885 1389 2935 cum
1437 2862 1740 2949 Atossa,
1791 2862 1883 2935 de
1921 2860 2067 2934 filii
2112 2863 2357 2937 salute
2406 2866 2655 2940 anxia.

365 2983 513 3057 Sed
545 2985 688 3059 hoc
722 2989 1267 3083 argumentum
1309 2985 1608 3084 plenius
1654 2985 2015 3060 tractavit
2050 2986 2544 3071 Hermannus
2576 2990 2662 3064 in

364 3107 810 3181 Prolusione
842 3133 915 3206 p.
953 3109 1082 3183 vii.
1187 3109 1306 3183 De
1359 3110 1589 3183 choro
1624 3108 2045 3206 Phrynichi
2076 3107 2275 3181 nihil
2310 3111 2499 3183 certi
2534 3111 2655 3186 de-

362 3230 571 3303 finiri
601 3235 895 3328 potest:
945 3234 1262 3308 minime
1293 3219 1555 3307 tamen
1587 3232 2005 3305 absurdum
2038 3235 2236 3306 esset
2270 3234 2659 3332 conjicere,

361 3354 586 3426 illum
651 3356 887 3429 fuisse
955 3381 1049 3431 ex
1116 3357 1566 3431 mulieribus
1635 3355 2057 3428 Phoenissis
2125 3357 2659 3447 constitutum,

363 3477 692 3559 istorum
743 3476 1199 3553 Phoenicum
1247 3480 1638 3563 uxoribus,
1696 3478 1830 3573 qui
1879 3477 2159 3549 Xerxis
2208 3477 2433 3573 jussu
2488 3488 2664 3577 post

363 3625 707 3699 pugnam
745 3603 1241 3675 Salaminiam
1283 3601 1632 3677 decollati
1674 3603 1913 3688 erant,
1958 3600 2079 3672 uti
2116 3606 2380 3676 narrat
2414 3604 2659 3680 Hero-

366 3724 591 3797 dotus
625 3726 864 3798 VIII.
903 3730 1024 3800 90.
1131 3726 1468 3823 AEschyli
1498 3748 1679 3799 vero
1716 3724 1991 3798 chorus
2026 3747 2121 3797 ex
2156 3726 2461 3800 senibus
2486 3753 2659 3803 con-

367 3849 544 3937 stat,
581 3853 754 3924 tum
799 3852 1020 3925 annis
1059 3855 1232 3924 tum
1272 3850 1646 3946 dignitate
1683 3849 2264 3938 venerabilibus,
2311 3853 2445 3948 qui
2493 3854 2661 3927 uni-

368 3998 606 4048 versae
658 3978 909 4073 gentis
950 3978 1272 4053 Persicae
1322 3999 1684 4074 pavorem
1726 3978 1805 4070 et
1852 3964 2155 4049 luctum
2207 3978 2659 4073 exprimant.

372 4098 522 4171 Par
563 4103 678 4173 est
723 4101 1024 4174 credere
1065 4099 1592 4197 Phrynichum
1637 4098 1839 4171 diem
1884 4099 2063 4172 ante
2113 4097 2385 4172 obiisse
2432 4124 2665 4195 quam

375 4222 712 4319 AEschyli
750 4224 1010 4296 fabula
1057 4223 1277 4297 docta
1318 4220 1441 4307 sit,
1488 4244 1629 4295 nec
1673 4224 1936 4295 tamen
1985 4221 2264 4295 idcirco
2311 4223 2665 4299 credibile

376 4350 491 4418 est
535 4346 742 4419 illius
791 4347 1065 4420 scrinia
1122 4347 1328 4420 hunc
1379 4350 1635 4444 aperte
1691 4344 2179 4442 compilasse3
2234 4368 2373 4419 nec
2426 4370 2669 4446 usque

379 4470 562 4543 adeo
629 4471 1041 4568 premenda
1109 4473 1225 4545 est
1294 4469 1748 4567 significatio
1808 4468 2011 4542 vocis
2072 4476 2669 4563 παραπεποιῆσθαι.
