3282 5193
1330 421 1741 499 ΠΕΡΣΑΙ.
2589 425 2687 502 77

803 627 1018 728 οἵπερ
1075 626 1380 730 ἄρχέται
1438 635 1865 730 στρατοῦ3,

613 753 782 837 ΞΕ.
843 759 1200 846 βεβᾶσιν,
1262 754 1382 849 οἴ,
1419 753 1763 850 νώνυμοι.

845 883 862 908 9
889 877 910 904 Ι
1010 883 1027 908 9
1053 875 1075 906 t
1175 883 1192 908 9
1225 878 1250 906 Ι
1349 884 1366 908 9
1403 878 1424 906 t

841 913 944 976 ιη,
1007 913 1108 976 ιη,
1171 913 1281 972 ιω,
1345 913 1451 958 ιω.

619 1006 792 1082 ΧΟ.
857 1003 967 1096 ἰώ,
1031 1003 1139 1096 ἰώ,
1201 1005 1570 1101 δαίμονες,

2480 893 2687 960 1000

844 1123 1094 1207 ἔθεσθ’
1139 1124 1472 1209 ἄελπτον
1531 1127 1765 1208 κακὸν

1065 1255 1512 1356 διαπρέπον,

951 1377 1072 1458 οἷα
1129 1381 1479 1482 δέδορκεν
1505 1373 1737 1460 ”Arm

721 1505 889 1590 ΞΕ.
950 1504 1447 1606 πεπλήγμεθ’,
1509 1507 1608 1598 οἵ,

2065 1510 2225 1587 ἀντ.
2270 1506 2352 1586 ε’.
2480 1522 2681 1589 1005

835 1630 930 1728 οἵ,
991 1631 1082 1710 δι’
1126 1638 1391 1715 αἰῶνος
1446 1631 1671 1738 τύχᾳ.

613 1760 786 1835 XO.
831 1758 1330 1872 πεπλήγμεθ’,
1391 1755 1679 1858 εὔδηλα
1734 1755 1909 1861 γάρ,

840 1881 1044 1979 (νέαι
1105 1885 1262 1965 νέαι
1321 1883 1488 1964 δύαι
1547 1881 1765 1990 δύαι)

837 2007 1140 2089 Ἰαόνων
1201 2017 1586 2104 ναυβατᾶν

837 2131 1248 2235 κύρσαντες
1306 2137 1439 2214 οὐκ
1501 2137 1848 2239 εὐτυχῶς.

473 2439 609 2498 998.
638 2439 867 2511 ἆκρόται
889 2435 1038 2496 Rob.
1057 2457 1114 2496 V.
1140 2441 1193 2496 l.
1211 2437 1274 2496 in
1291 2438 1484 2498 Schol.

392 2515 648 2574 Brunck.
677 2516 912 2574 Schutz.
995 2516 1185 2574 Ceteri
1225 2521 1485 2594 ἀγρόται.

387 2593 579 2672 Toup.
608 2595 675 2653 in⁴
711 2594 970 2671 Hesych.
1001 2594 1072 2654 Τ.
1103 2595 1227 2654 III.
1253 2618 1314 2675 p.
1345 2601 1485 2656 353.

391 2677 631 2748 ἀγρέται
669 2673 870 2751 reponi
901 2673 1046 2742 vult,
1076 2692 1145 2732 ex
1174 2674 1487 2753 HesychiO,

386 2756 690 2829 Ἀγρέταν.
721 2754 829 2824 ἦγέ
905 2775 997 2810 να.
1025 2756 1179 2810 θεόν.
1237 2752 1490 2830 Reposui

388 2850 583 2889 rarum
609 2830 786 2887 vocab
850 2848 948 2887 um
975 2834 1234 2907 ἀρχέτω.
1283 2832 1486 2908 Eurip.

393 2908 622 2968 Heracl.
650 2910 788 2971 753.
818 2912 966 2985 παρὰ
987 2912 1191 2986 θρόνον
1210 2912 1484 2987 ἅρχέταν.

389 2987 602 3046 Electr.
640 2988 810 3045 1149.
843 2991 1050 3048 ἔπεσεν
1067 2989 1194 3065 ἐμὸς
1219 2992 1482 3067 ἀρχέτας.
1525 3048 1536 3059 ‚

2480 2153 2684 2220 1010

1678 2439 1849 2496 1005.
1892 2438 2265 2515 πεπλήγμεθ’,
2296 2439 2425 2498 οἷαν
2467 2439 2535 2498 δι’
2560 2441 2687 2500 αἰῶ-

1591 2541 1683 2576 νος
1728 2519 1899 2594 τΰχαι
1934 2515 2071 2575 Ald.
2117 2516 2297 2575 Turn.
2343 2517 2491 2576 Rob.
2551 2518 2687 2596 (nisi

1589 2595 1745 2687 quod
1770 2596 1867 2655 hic
1892 2596 2009 2655 οἷαι
2053 2595 2117 2667 δὴ
2160 2596 2227 2655 δι’
2252 2595 2525 2675 amma).
2607 2600 2687 2658 Et

1588 2694 1669 2733 sic
1689 2674 1819 2733 edd.
1842 2675 2199 2734 recentiores.
2282 2677 2607 2735 Brunckius
2628 2686 2687 2737 et

1589 2752 1891 2811 Schutzius
1915 2775 1973 2811 v.
2006 2750 2041 2810 '1
2055 2798 2068 2811 .
2097 2753 2159 2811 in
2196 2753 2439 2813 Scholiis
2472 2775 2687 2814 memo-

1586 2837 1770 2888 ratam
1796 2831 2129 2907 praeferunt,
2160 2833 2273 2890 οἷαι
2310 2832 2569 2909 δαίμονος
2596 2835 2687 2891 τΰ-

1587 2932 1713 2985 χαι.
1799 2908 1971 2975 Quod
1998 2909 2144 2977 dedi,
2166 2910 2310 2967 mihi
2336 2910 2566 2988 quidem
2592 2931 2687 2971 ve-

1585 2984 1989 3045 risimillimum
2005 2987 2249 3046 videtur.
2274 2989 2343 3047 δι’
2358 2994 2561 3049 αἰῶνος
2578 2997 2681 3060 est,

470 3070 604 3126 999.
647 3063 922 3139 βεβᾶσιν,
985 3072 1284 3142 οἶνώνυμοι
1345 3068 1482 3125 Ald.
1574 3075 1715 3140 post
1735 3066 1959 3139 lonqum
1986 3074 2221 3143 tempus,
2248 3074 2317 3125 ut
2351 3066 2412 3125 in
2438 3069 2681 3127 Eumen.

386 3144 639 3219 βεβᾶσιν
658 3147 944 3223 ἀνώνυμοι
964 3146 1114 3205 Rob.
1154 3148 1486 3205 Turnebum

388 3231 447 3281 et
488 3222 706 3282 codices
746 3224 912 3283 Colb.
960 3228 1020 3282 1.
1055 3229 1111 3283 2.
1161 3225 1352 3283 Viteb.
1395 3244 1482 3284 se-

387 3308 554 3360 cutus
595 3320 742 3359 sum.
827 3302 1152 3379 Stephanus
1199 3310 1256 3361 et
1296 3321 1486 3361 recen-

386 3379 558 3438 tiores
585 3382 658 3447 o'ae',
687 3382 764 3448 οἵ,
794 3383 1061 3456 νώνυμοι.
1141 3434 1154 3437 -

476 3460 647 3516 1000.
686 3460 857 3516 1001.
903 3462 960 3527 ἰὴ
1000 3457 1298 3535 quinquies
1329 3464 1387 3515 ct
1419 3461 1485 3515 ἰὼ

389 3534 582 3602 octies,
623 3533 764 3592 ΑΜ.
809 3536 1045 3593 Bai-occ.
1091 3534 1259 3592 Colb.
1309 3539 1361 3592 l.
1420 3540 1486 3593 ἰὼ

391 3619 614 3749 auffert
629 3611 810 3746 'flurm
861 3620 918 3670 et
969 3611 1341 3671 recentioresz
1396 3613 1488 3673 bis

525 3708 559 3746 o
617 3708 647 3746 e
689 3707 778 3748 ua.
1137 3722 1144 3727 -

478 3769 650 3826 1001.
693 3767 809 3826 Hic
834 3786 1029 3828 versus
1067 3768 1225 3828 deest
1258 3766 1321 3825 in
1345 3769 1483 3828 ΑΜ.

393 3842 438 3906 ὦ
481 3846 740 3923 δαίμονες
782 3847 932 3905 Rob.
972 3847 1052 3905 K.
1097 3847 1168 3905 L.
1214 3847 1379 3906 Colb.
1427 3852 1483 3907 2.

391 3925 754 4000 δυσδαίμονα
806 3924 987 3985 Turn.
1031 3931 1089 3983 et
1127 3926 1482 3985 recentiores,

393 4002 653 4083 δαίμονὲς
680 4001 844 4060 Med.
875 4002 1107 4079 Mosqu.

478 4085 651 4142 1002.
695 4081 877 4140 ἔλθετ’
905 4079 1072 4138 Colb.
1108 4084 1160 4138 l.
1219 4084 1361 4141 ἔθετ’
1399 4102 1488 4140 ce-

389 4162 516 4230 teri,
559 4166 771 4237 praeter
809 4158 1116 4217 Wellauer.
1160 4160 1260 4236 qui
1305 4160 1490 4219 ἔθεσθ’

392 4239 566 4307 dedit,
596 4258 666 4296 ex
693 4237 1014 4299 Hermanni
1036 4238 1274 4297 monito.

478 4320 648 4375 1004.
693 4316 814 4374 οἷον
841 4333 1038 4373 omnes
1072 4324 1284 4392 praeter
1317 4316 1483 4376 Colb.

398 4400 450 4453 l.
481 4395 580 4473 qui
605 4395 748 4463 οἵαν,
779 4401 837 4453 et
862 4412 996 4451 mox
1024 4394 1171 4454 ὅταν
1197 4414 1329 4453 cum
1349 4395 1485 4455 Ald.

392 4474 542 4531 Rob.
573 4472 808 4531 Bai-occ.
853 4472 1114 4550 δέδρακεν
1142 4473 1352 4532 Bothe.

1588 3145 1728 3202 560.
1786 3142 1892 3201 etsi
1915 3144 2142 3222 ,saepius
2172 3146 2321 3205 valet
2351 3166 2466 3221 per
2504 3153 2687 3206 totum

1589 3230 1829 3297 tempus.
1913 3222 2089 3282 Recte
2126 3231 2318 3282 autem
2356 3224 2563 3283 dicitur
2587 3251 2687 3285 πε-

1585 3304 1898 3375 πλήγμεθα
1924 3302 2092 3378 τύχᾳ.
2174 3302 2376 3379 Eurip.
2409 3302 2586 3364 Here.
2615 3304 2684 3362 F.

1593 3382 1765 3439 1393.
1835 3381 2042 3437 πάντες
2095 3382 2463 3456 ἐξολώλαμεν
2503 3386 2688 3459 ’Ί-Ιρας

1585 3460 1693 3533 μιᾷ
1730 3462 2047 3529 πληγέντες
2084 3458 2271 3515 ἄθλιοι
2306 3461 2470 3541 τίιχῃ.
2552 3459 2682 3518 Alc.

1589 3536 1727 3593 859.
1812 3541 2029 3612 Καίπερ
2064 3534 2274 3611 βαρείᾳ
2310 3538 2556 3614 ξυμφορᾷ
2589 3562 2687 3597 πε-

1587 3616 1937 3687 πληγμὲνος.

1676 3692 1846 3753 1007.
1893 3689 2098 3749 Malim
2163 3694 2536 3769 πεπλήγμεθ’,
2606 3696 2683 3753 οἵ·

1588 3767 1737 3838 δῆλα
1781 3771 1913 3847 γάρ.
1954 3788 2199 3846 namque
2228 3768 2456 3841 εὔδηλοε
2496 3773 2686 3831 nescio

1587 3865 1662 3904 an
1688 3848 1824 3906 alibi
1850 3847 2005 3925 apud
2040 3856 2296 3908 auctores
2326 3850 2495 3909 bonae
2530 3859 2686 3910 notae

1586 3927 1919 4003 reperiatur.
1974 3925 2215 3997 εὔδηλον
2270 3928 2421 3987 Rob.
2476 3930 2687 3989 omisso

1589 4028 1845 4141 γαῗὸθὸ.
1892 4089 1997 4141 νέα
2024 4087 2129 4141 νέα
2149 4081 2285 4140 Ald.

1675 4163 1846 4221 1009.
1888 4162 2134 4220 Ἰαὼνων
2150 4159 2287 4218 Ald.
2312 4161 2516 4220 Ἰώνων
2532 4160 2683 4222 Rob.

1586 4238 1787 4296 Ἰανῶν
1824 4239 1985 4297 Med.
2033 4239 2301 4313 ναβατῶν
2341 4238 2478 4299 Ald.
2557 4267 2687 4300 ναυ-

1587 4315 1783 4390 βατῶν
1810 4317 1960 4375 Rob.
1988 4317 2169 4375 Turn.

1647 4397 1847 4455 ·1010.
1910 4395 2103 4453 Metro
2169 4395 2541 4466 subvenerim,
2608 4398 2686 4457 le·
2735 4453 2741 4459 .

1589 4472 1793 4550 gendo,
1825 4474 2047 4548 rupoar’
2070 4474 2168 4533 οὐκ
2194 4475 2459 4552 εὐτυχῶς.
