3282 5193
1319 433 1411 486 IN
1447 431 1760 488 PERSAs.
1805 368 1813 374 ἢ
2493 420 2642 492 123

443 635 576 676 cum
618 612 983 692 ignarissimis
1026 612 1161 673 scio.
1248 615 1464 674 Forsan
1509 613 1815 692 legendum
1863 618 2152 685 πηνικτόν,
2193 618 2640 687 vermiculatum,

442 706 699 783 Anglice‚
730 706 1124 764 embroidered
1139 730 1162 771 ,·
1203 724 1432 766 versum
1474 713 1666 764 autem
1709 705 1864 764 hunc
1903 706 1963 764 in
1999 707 2232 765 modum
2275 707 2640 786 suppleveris,

442 797 602 857 Ἀλλ’
642 801 708 855 οὒ
750 796 964 875 δέομαι,
998 796 1268 866 πηνικτὸν
1312 799 1464 874 ἔχων
1506 798 1605 856 τὸν
1649 800 1918 874 πρωκτόν,
1960 804 2430 873 προσκεφαλαίου.
2474 822 2644 874 προσ-

441 889 769 968 κεφάλαιον,
798 888 871 946 de
896 905 1011 964 quo
1036 886 1293 964 loquitur
1321 887 1692 965 Hermippus,
1722 888 1988 964 pulvinar
2013 897 2152 956 erat,
2181 888 2336 966 quod
2367 888 2476 947 sibi
2511 891 2643 948 sub-

440 981 768 1039 sternebant
805 977 1065 1055 remiges,
1096 979 1397 1050 ὕπηρέσιον
1436 978 1654 1038 dictum
1695 999 1730 1037 a
1768 977 2107 1056 Thucydide
2145 979 2231 1038 11.
2265 982 2359 1040 93.
2445 978 2644 1056 Hujus

441 1079 634 1130 autem
663 1068 893 1146 remigis
933 1072 1176 1146 πρωκτός
1214 1088 1331 1127 non
1372 1069 1573 1146 egebat
1608 1075 2055 1148 προσκεφαλαίῳ,
2087 1070 2300 1148 quippe
2324 1069 2425 1147 qui
2450 1069 2644 1128 vibici-

442 1162 553 1220 bus
578 1162 757 1239 probe
785 1166 930 1219 esset-
947 1160 1368 1220 vermiculatus.
1438 1159 1694 1219 Verbum
1718 1161 2054 1221 πανίσδεται
2077 1160 2324 1220 occurrit
2349 1160 2638 1218 Theocrit.

444 1253 677 1310 XVIII.
700 1254 799 1310 32.
876 1250 1012 1310 Vid.
1030 1270 1205 1328 supra
1228 1249 1304 1309 ad
1329 1252 1468 1326 3753.
1551 1249 1752 1329 Eurip.
1779 1253 1914 1330 Iph.
1938 1253 2010 1312 T.
2038 1254 2208 1315 1387.
2254 1251 2462 1310 κώπαις
2507 1245 2646 1330 ρόθι’

445 1343 586 1402 ἁλὸς
613 1348 816 1402 λευκαί
820 1367 965 1402 νετε.

525 1487 662 1543 402.
730 1458 1219 1560 Ξυνεμβολή.
1305 1478 1439 1538 Vid.
1471 1500 1644 1559 supra
1671 1485 1809 1541 284.
1917 1487 1924 1494 ’

522 1635 674 1691 403..
706 1605 994 1708 θΑλμη.
1078 1628 1273 1686 Mare.
1378 1627 1613 1686 Eaedem
1640 1647 1806 1688 voces
1832 1637 2138 1689 occurrunt
2165 1630 2368 1708 Eurip.
2400 1630 2538 1710 Ipb.
2565 1631 2637 1690 Τ.

450 1721 619 1780 1391.
666 1718 741 1775 Οἱ
768 1717 829 1774 δὲ
856 1716 1183 1794 στεναγμὸν
1210 1712 1348 1786 ἡδῦν
1374 1714 1816 1795 ἐκβρυχώμενοι,
1832 1719 2126 1776 ”En-mear
2151 1721 2367 1793 ἅλμην.

521 1871 677 1928 Ibid.
722 1844 1071 1951 Βρῦχιος.
1139 1867 1582 1926 Γνευιεόιιηᾱιιε.
1649 1846 2210 1947 Apollon.l3.hod.1.
2237 1871 2409 1928 1310.
2439 1875 2640 1928 Τοῖσιν

444 1958 505 2016 δὲ
542 1961 789 2014 Γλαῦκος
830 1953 1069 2032 βρυχίης
1112 1953 1248 2012 ἁλὸς
1290 1955 1628 2032 ἐξεφαάνθη.
1711 1957 1997 2024 Quoniam
2029 1974 2163 2013 vero
2202 1974 2358 2013 mare
2397 1955 2640 2034 βρύχιον

446 2055 535 2132 est
574 2046 687 2105 κατ’
716 2049 942 2124 ἐξοχὴν,
978 2045 1115 2102 hinc
1155 2044 1389 2122 βρύχιος
1430 2044 1718 2103 interdum
1759 2045 1994 2122 ponitur
2032 2064 2140 2124 pro
2179 2048 2448 2114 marinus,
2487 2046 2642 2123 quod

446 2145 639 2196 tamen
664 2135 981 2195 accuratius
1002 2133 1211 2193 dicitur
1231 2133 1593 2213 ὑποβρύχιος.
1673 2136 1930 2213 Hesych.
1975 2137 2245 2215 Βρύχιον.
2275 2135 2640 2215 ὑποβρύχιον,

376 2287 383 2292 ,
444 2228 847 2303 βυθιζόμενον.
928 2225 1197 2304 Apollon-
1230 2224 1423 2284 Rhod.
1448 2224 1556 2284 IV.
1583 2229 1719 2286 945.
1766 2226 1838 2284 Αἱ
1873 2225 1916 2285 δ’
1945 2227 2040 2286 ὅτε
2072 2228 2182 2304 μὲν
2219 2234 2476 2305 κρημνοῖς
2515 2230 2644 2286 ε’να-

447 2325 663 2395 λίγκιαι
706 2325 825 2396 ἠέρι
870 2322 1050 2394 κῦρον,
1084 2317 1339 2376 Ἀλλοτε
1388 2341 1451 2375 τε
1492 2315 1734 2394 βρύχιαι
1779 2319 1957 2398 νεάτῳ
2001 2319 2111 2376 ὑπὸ
2151 2322 2396 2396 πυθμένι
2440 2321 2644 2377 πόντου

446 2411 775 2483 Ἠρὴοεινθ’.
860 2409 991 2478 sed,
1014 2413 1081 2466 ut
1106 2427 1301 2466 verum
1332 2406 1532 2476 fateor,
1562 2406 1813 2484 suspicio
1838 2409 1982 2468 mihi
2007 2409 2200 2468 animo
2225 2407 2451 2477 insidet,
2479 2416 2643 2468 vetus

444 2502 619 2562 fuisse
644 2500 985 2562 vocabulum
1012 2497 1171 2575 βρύξ,
1195 2497 1349 2577 quod
1378 2504 1523 2576 κῦμα
1550 2497 1926 2576 significabat,
1955 2499 2108 2559 unde
2133 2499 2350 2579 βρύχω,
2373 2501 2644 2558 adinto-

444 2596 623 2653 maris
652 2598 867 2671 fremo.
952 2590 1108 2651 Hinc
1149 2589 1419 2667 ὑπόβρυξ.
1504 2587 1748 2649 Homer.
1777 2589 1990 2669 Odyss.
2021 2598 2087 2650 E.
2119 2595 2258 2653 319.
2343 2592 2459 2652 Τὸν
2487 2591 2532 2651 δ’
2559 2591 2644 2669 ἄρ’

446 2684 751 2764 ὑπόβρυχα
792 2690 923 2756 θῆκε
960 2681 1140 2743 πολὺν
1178 2685 1409 2760 χρόνον.
1451 2682 1553 2741 ubi
1582 2682 1776 2741 Schol.
1817 2682 2188 2763 ύποβρύχιυν.
2272 2683 2539 2742 Ceterum
2568 2685 2644 2742 ob

447 2775 770 2835 mirandum
817 2779 1108 2851 stuporem
1155 2772 1277 2850 ejus
1320 2792 1437 2830 non
1484 2772 2011 2851 praetermittendus
2057 2781 2144 2833 est
2191 2771 2518 2851 Hesychius
2563 2772 2647 2831 ita

450 2866 733 2934 scribens3
778 2862 1086 2943 Βούχωμα.
1128 2866 1401 2942 φρόνημα.
1436 2864 1499 2922 in
1538 2883 1654 2942 quo
1694 2862 2029 2943 explicando
2066 2863 2300 2922 laterem
2335 2863 2528 2923 lavant
2562 2866 2648 2924 in-

448 2964 743 3035 terpretes.
832 2953 1066 3032 corrige
1109 2956 1404 3034 Βρύχημα.
1454 2954 1719 3033 φώνημα.
1804 2954 2059 3013 Confusa
2103 2961 2237 3014 sunt
2281 2957 2540 3034 φρόνημα
2589 2968 2647 3039 ct

447 3048 688 3126 φώνημα
712 3045 974 3125 Alciphr.
1004 3045 1126 3104 III.
1156 3050 1255 3106 48.

506 3201 663 3259 Ιὸἰᾱ.
725 3176 1163 3275 Κέλευσμα.
1248 3198 1557 3258 Hortatio.
1641 3198 1784 3257 Erat
1814 3198 1876 3257 in
1909 3218 2252 3278 unaquaque
2285 3199 2418 3259 navi
2453 3206 2644 3260 κελευ-

451 3291 599 3357 στὴς,
622 3286 991 3363 portisculus,
1021 3284 1121 3362 qui
1157 3284 1466 3363 remigibus
1502 3284 1732 3362 signnm
1770 3284 1959 3353 dabat,
1990 3303 2104 3362 quo
2139 3292 2357 3344 certum
2389 3286 2452 3345 in
2477 3287 2644 3347 remi·

448 3378 635 3455 gando
671 3375 1008 3453 rhythmum
1047 3381 1353 3433 servarent.
1435 3372 1693 3432 Isidorus
1722 3373 1792 3432 de
1819 3373 1982 3451 Orig.
2013 3374 2176 3433 XVI.
2207 3395 2268 3452 p.
2305 3379 2358 3439 7.
2437 3378 2648 3436 Proce-

450 3468 815 3525 leusmaticus
835 3471 939 3533 est,
960 3484 1023 3521 eo
1040 3466 1193 3539 quod
1204 3466 1288 3521 ad
1300 3464 1547 3522 celeuma
1566 3466 1878 3522 canendum
1895 3471 2070 3540 aptus
2089 3465 2218 3540 [sit.
2285 3466 2418 3523 Hoc
2433 3476 2650 3526 canunt

452 3558 551 3633 qui
576 3576 717 3613 uvas
732 3552 1341 3629 perimunt.—Aliter,
1363 3554 1609 3613 celeuma
1636 3562 1727 3613 est
1747 3574 1988 3624 carmen,
2021 3558 2176 3631 quod
2196 3556 2534 3629 navigantes
2559 3578 2650 3617 ca-

450 3667 585 3705 nere
609 3647 829 3711 solem,-
869 3645 961 3702 vel
977 3644 1188 3703 clamor
1213 3646 1499 3714 nauticus,
1522 3646 1591 3703 id
1613 3652 1704 3704 est
1727 3665 1833 3704 vox
1857 3645 2217 3723 nautarum]
2289 3646 2472 3707 Voces
2491 3649 2650 3708 unni-

451 3736 601 3795 nulis
626 3735 871 3795 inclusas
896 3753 968 3793 ex
994 3733 1171 3793 Msto
1196 3733 1375 3794 edidit
1403 3735 1462 3793 J.
1489 3735 1555 3793 F.
1580 3735 1652 3795 de
1678 3736 1735 3795 la
1763 3736 1933 3795 Porte
1961 3736 2044 3796 du
2067 3737 2253 3797 Theil.
2335 3736 2648 3800 Manifesto

450 3825 773 3905 legendum,
814 3827 912 3902 qui
949 3846 1089 3885 uvas
1116 3832 1414 3902 premunt.
1497 3825 1698 3904 Eurip.
1731 3826 1865 3905 Iph.
1893 3826 2070 3887 Taur.
2109 3832 2281 3889 1405.
2326 3836 2544 3908 γυμνὰς
2584 3834 2650 3901 ἐξ

452 3917 746 3993 ἐπωμίδων
770 3923 944 3995 χέρας
973 3917 1145 4001 Κῶπῃ
1174 3919 1668 3996 προσαρμόσαντες
1690 3919 1752 3977 ἐκ
1778 3919 2171 3994 κελεύσματος.
2214 3919 2480 3999 Thucyd.
2499 3922 2643 3982 VII.

454 4012 549 4074 70.
581 4009 668 4067 II.
696 4011 790 4070 92.
821 4009 932 4068 ἀπὸ
963 4009 1085 4067 ἑνὸς
1114 4009 1487 4084 κελεύσματος
1515 4008 1919 4085 ἐμβοήσαντες.
1963 4010 2107 4069 VII.
2130 4014 2230 4070 40.
2254 4014 2647 4089 ἐπιφερόμενοι

450 4104 512 4160 ἐκ
536 4100 1017 4176 παρακελεύσεως.
1068 4104 1255 4169 πολλὴ
1288 4101 1396 4179 μὲν
1436 4104 1545 4176 γὰρ
1584 4103 1858 4178 ἑκατέροις
1895 4105 2172 4180 προθυμία
2213 4104 2328 4161 ἀπὸ
2370 4107 2482 4161 τῶν
2516 4128 2648 4163 ναυ-

450 4196 560 4251 τῶν
602 4194 681 4249 εἰς
722 4192 784 4250 τὸ
809 4193 1111 4258 ἐπιπλεῖν,
1142 4192 1311 4249 ὁπότε
1349 4194 1695 4262 κελευσθείη,
1727 4194 2015 4265 ἐγίγνετο.
2098 4192 2188 4251 De
2217 4192 2522 4261 locutione,
2553 4197 2646 4271 ἀφ’

450 4285 572 4342 ἑνὸς
598 4282 990 4360 κελεύσματος,
1008 4278 1122 4340 vid.
1141 4279 1543 4339 Hemsterbus.
1563 4281 1636 4341 ad
1655 4281 1952 4360 Aristoph.
1974 4281 2128 4341 Plut.
2147 4304 2208 4361 p.
2233 4287 2330 4343 30.
2381 4284 2646 4361 Sophron

450 4372 606 4451 apud
630 4373 829 4451 Etym.
861 4373 950 4432 M.
980 4392 1039 4450 p.
1071 4374 1207 4440 502,
1244 4374 1338 4430 18.
1388 4372 1740 4433 emendatior
1765 4374 1920 4451 apud
1949 4373 2164 4433 Athen.
2195 4374 2316 4433 III.
2345 4395 2406 4452 p.
2437 4376 2536 4437 87.
2566 4376 2641 4435 A.

454 4466 530 4523 Αἵ
570 4488 652 4539 γα
685 4470 803 4542 μὰν
845 4468 1069 4543 κόγχαι,
1102 4465 1286 4539 ὥσπερ
1329 4461 1440 4521 a'ix’
1472 4465 1533 4530 ἐξ
1572 4466 1698 4523 ἑνὸς
1734 4466 2108 4543 κελεύσματος
2151 4464 2477 4544 Κεχᾶναντ’
2501 4469 2646 4547 ἄμμι
