3282 5193
1424 399 1959 474 ΑΙΣΧΥΛΟΥ

769 612 941 688 ΧΟ.
992 610 1114 686 καὶ
1149 602 1300 706 μὴν
1357 600 1603 684 ἄλλον
1660 587 1749 705 Ᾰγε
1806 588 2189 700 ποθοῦμεν

994 729 1333 835 Μάρδων
1391 734 1685 832 ἀνδρῶν
1740 725 2254 833 μυριάδαρχον

993 856 1332 951 Ξάνθον,
1395 852 1646 959 ἄρειόν
1703 854 1765 935 τ’
1806 850 2225 958 Ἀγχάρην,

996 985 1302 1090 Δίαιξίν
1361 982 1452 1074 τ’,
1512 981 1625 1080 ἠδ’
1666 979 2097 1083 Ἀρσάμην,

1221 1105 1748 1204 ἱππιάνακτας,

2684 992 2842 1057 990

999 1231 1390 1337 Κιγδάταν
1448 1237 1570 1312 καὶ
1627 1231 2040 1331 Λυθίμναν,

997 1361 1309 1460 Τόλμον
1367 1359 1458 1456 τ’,
1519 1363 1788 1464 αἰχμῆς
1845 1355 2285 1460 ἀκόρεστον.

889 1485 1189 1594 ἐ’ταφεν,
1251 1481 1553 1591 ἐ’ταφεν,
1614 1485 1751 1562 οὐκ
1809 1486 2001 1589 ἀμφὶ
2058 1490 2375 1584 σκηναῖς

1055 1609 1651 1717 τροχηλάτοισιν

2688 1623 2841 1687 995

1055 1735 1378 1818 ὄπισθεν
1436 1734 1805 1835 ἑπόμενοι.

1166 1871 1456 1959 βεβᾶσι
1511 1861 1660 1966 γὰρ

535 2123 686 2192 ᾖῐῐιίειί
737 2121 812 2181 ob
868 2127 1136 2180 metrum.
1204 2125 1417 2198 μέλεον
1477 2119 1659 2178 ἔνδοθ’

559 2202 766 2260 Bothe.

639 2298 775 2358 987.
819 2293 1040 2351 Mirum
1086 2299 1171 2352 est
1223 2291 1522 2352 neminem'
1563 2311 1658 2349 ex·

558 2373 768 2432 stitisse
821 2372 917 2450 qni
965 2376 1264 2450 reponeret
1317 2374 1505 2429 ἄλλον
1551 2387 1657 2446 pro

557 2453 789 2529 vulgato
861 2455 1029 2508 ἄλλο.
1114 2453 1264 2508 ἄλλο
1331 2475 1382 2508 τι
1452 2447 1655 2525 Steph.

561 2530 792 2590 Canter.
817 2528 1010 2588 Schol.
1095 2527 1209 2603 Sed
1233 2527 1538 2607 particulas
1567 2529 1659 2584 καὶ

557 2613 674 2685 μὴν
700 2609 1035 2685 plerumque
1055 2607 1310 2684 sequitur
1338 2631 1426 2682 γε,
1455 2604 1660 2663 vocula

558 2686 914 2764 interposita.

642 2793 778 2851 988.
823 2788 1058 2865 Μάρδον
1085 2788 1175 2847 Μ.
1213 2793 1265 2847 l.
1313 2786 1505 2846 Guelf.
1556 2812 1659 2862 μυ-

558 2870 864 2949 ριόναρχον
894 2869 1044 2927 Rob.
1077 2868 1492 2947 μυριόνταρχον
1519 2866 1658 2924 Ald.
1688 2889 1693 2893 ·

560 2949 740 3008 Turn.
762 2956 829 3005 ut
842 2948 905 3004 in
919 2960 974 3004 v.
996 2950 1134 3007 319.
1199 2946 1310 3004 Sed
1326 2946 1439 3003 hoc
1455 2952 1657 3011 metm,

469 3088 473 3096 ,
559 3026 705 3083 illud
757 3023 1031 3100 analogiae
1079 3023 1427 3081 adversatur.
1511 3021 1662 3079 Dedi

559 3103 738 3180 igitur
765 3102 1037 3180 μυριάδαρ
1083 3124 1165 3167 ον,
1202 3120 1333 3177 quoe
1368 3118 1479 3157 vox
1510 3106 1663 3155 recte

563 3180 957 3258 componitur:
989 3126 1248 3254 Ifgsych.
1283 3176 1659 3253 Δεκάδαρχοι.

562 3259 616 3317 οἱ
659 3264 769 3317 τῶν
816 3256 1061 3317 δεκάδων
1107 3255 1402 3333 ἡγεμόνες.
1484 3254 1664 3331 Apud

564 3338 806 3397 eundem
851 3342 1147 3396 servantur
1181 3336 1382 3394 formae
1427 3333 1664 3392 δωδεκά-

563 3416 778 3497 δαρχοί,
811 3416 1139 3493 εἶκάδαρχοι
1171 3421 1228 3472 et
1259 3413 1661 3491 πεντάδαρχοι.

562 3504 620 3554 et
648 3500 728 3554 sic
756 3496 964 3553 Pollux
985 3495 1038 3552 I.
1065 3496 1194 3552 128.
1239 3493 1504 3552 Orbicius
1529 3511 1664 3550 vero

563 3593 658 3652 ap.
683 3574 937 3651 Etymol.
961 3573 1050 3630 M.
1069 3593 1130 3649 p.
1155 3574 1287 3640 728,
1313 3576 1410 3632 50.
1441 3571 1665 3649 πεμπά-

565 3652 787 3729 δαρχοι,
808 3651 1032 3709 ordines
1053 3650 1324 3708 militares
1349 3668 1661 3717 recensens,

565 3738 624 3787 et
648 3731 798 3786 inter
825 3747 920 3787 eos
945 3734 1269 3805 μυρίαρχοι.
1335 3727 1448 3785 Sed
1473 3728 1667 3785 forsan

563 3806 870 3884 legendum
924 3804 1172 3881 Μάρδων
1232 3807 1415 3883 ἀρχὸν
1469 3806 1668 3882 μυριά-

569 3886 696 3955 δων,
727 3892 794 3943 ut
815 3884 890 3943 sit
907 3903 1102 3943 versus
1124 3883 1667 3961 pseudo-paroemia-

569 3984 687 4034 cus,
720 3964 914 4042 quales
943 3972 1078 4023 sunt
1096 3982 1188 4021 vv.
1212 3964 1347 4024 987.
1367 3965 1502 4025 989.
1525 3964 1663 4023 990.

651 4144 785 4202 989.
829 4136 1078 4206 Ξάνθην
1103 4135 1241 4193 Ald.
1260 4134 1441 4193 Turn.
1463 4135 1664 4213 Steph.

568 4218 926 4280 recentiores.
1001 4218 1246 4278 Ξάνθον
1273 4214 1427 4272 Rob.

651 4318 786 4376 990.
859 4313 1152 4390 Ἀρσάμην
1216 4329 1321 4388 pro
1386 4310 1668 4384 Ἀρσάκην

568 4393 767 4472 reponi
800 4392 968 4472 jubet
1009 4389 1313 4451 Burneius.
1399 4388 1535 4447 Vid.
1573 4408 1667 4446 su-

567 4493 672 4551 pra
699 4475 798 4535 37.

2435 1895 2607 1963 στρ.
2651 1858 2732 1940 ε’.

1837 2122 1973 2178 992.
1993 2117 2529 2193 ΚυγδαγάτανΑΙᾶ.
2544 2118 2853 2193 Κυγδάταν

1757 2193 1907 2254 Rob.
1944 2197 2308 2271 Κιγδαδάταν
2346 2197 2421 2256 G.
2467 2197 2742 2271 κιγδάταν
2779 2199 2851 2258 C.

1758 2274 2139 2349 Κιγδαγὰταν
2192 2276 2383 2335 ceteri.
2470 2281 2728 2354 Λυθίμαν
2774 2277 2852 2335 Α.

1758 2353 2015 2412 Brunck.
2048 2353 2281 2413 Schutz.

1840 2451 1977 2507 993.
2021 2449 2192 2527 τόμον
2246 2448 2382 2506 Ald.
2468 2448 2643 2506 Deest
2694 2451 2744 2508 r’
2791 2447 2856 2504 in

1758 2524 1895 2582 Ald.
1936 2526 2085 2585 Rob.
2127 2528 2307 2585 Turn.
2347 2524 2446 2604 qui
2481 2544 2678 2584 omnes
2720 2543 2856 2584 mox

1758 2609 1992 2682 αἰχμῆς.

1841 2700 1978 2757 994.
2023 2696 2200 2755 Hunc
2250 2714 2478 2754 versum
2531 2694 2711 2754 Xerxi
2762 2692 2859 2753 ad-

1760 2774 1988 2851 signant
2040 2774 2191 2833 libri.
2275 2774 2469 2833 Choro
2517 2774 2676 2833 dedit
2724 2773 2860 2836 Pas-

1760 2852 1970 2917 sovius,
2018 2860 2086 2910 ut
2140 2852 2443 2931 strophicis
2496 2852 2856 2931 respondeat.

1762 2934 1973 3005 ἔταφον
2027 2934 2233 3010 ἔταφον
2289 2931 2420 2988 edd.
2470 2939 2584 2989 vet.
2634 2936 2857 3009 ἔταφεν,

1762 3008 1979 3065 AEolice
2010 3028 2117 3086 pro
2154 3010 2405 3084 ἐτάφησα
2414 3032 2462 3075 ν,
2487 3009 2856 3066 Valckenaer.

1762 3085 1836 3143 ad
1876 3085 2077 3163 Eurip.
2110 3086 2351 3164 Hippol.
2389 3089 2562 3148 1247.
2603 3086 2704 3144 ubi
2739 3086 2857 3144 vid.

1762 3163 1970 3222 Monk.
2072 3163 2307 3241 (1242.)
2382 3163 2500 3222 vid.
2586 3164 2857 3243 Append.

1762 3242 1999 3309 xerxes,
2056 3262 2235 3319 quum
2299 3242 2527 3319 pernice
2578 3242 2718 3319 fuga
2776 3262 2863 3301 sa-

1760 3320 1940 3378 lutem
1984 3320 2255 3397 petiisset,
2299 3320 2395 3378 vix
2442 3320 2625 3379 dicere
2670 3319 2863 3397 potuit

1765 3417 1823 3457 se
1852 3398 2062 3457 amicos
2090 3418 2222 3457 suos
2250 3398 2551 3476 sepeliisse.
2636 3398 2803 3457 Unus
2830 3418 2863 3457 e

1766 3476 2095 3536 Scholiastis
2120 3478 2380 3536 videatur
2404 3477 2606 3555 legisse
2634 3479 2860 3547 ἔθανον,

1766 3558 1991 3624 ἔθανον,
2037 3556 2282 3634 explicat
2335 3555 2504 3625 enim,
2550 3558 2861 3625 ἀπέθανον,
2962 3599 2973 3603 -

1764 3639 2093 3704 ἀπέθανονς
2143 3635 2285 3693 alter
2323 3654 2457 3693 vero
2503 3634 2565 3692 in
2612 3654 2717 3695 suo
2770 3656 2865 3695 ex-

1764 3713 2000 3791 emplari
2025 3720 2310 3789 repererat
2338 3715 2565 3791 ἔταφεν.

1840 3809 1998 3865 Ibid.
2038 3812 2136 3865 ov’ec
2163 3806 2377 3865 omittit
2404 3808 2554 3867 Rob.

1848 3905 1986 3963 995.
2030 3904 2399 3981 τροχηλάτοις
2428 3903 2579 3963 Rob.

1849 3994 1985 4053 996.
2030 3994 2267 4055 ὄπισθεν
2294 3994 2339 4053 δ’
2365 4012 2581 4053 omnes.
2642 3992 2868 4070 (ὄπιθεν

1768 4074 2034 4150 ἑπόμενοι
2060 4072 2399 4149 Wellauer.)
2479 4072 2593 4130 Sed
2618 4073 2868 4149 particu-

1765 4150 1899 4219 lam,
1920 4171 2050 4228 quae
2066 4152 2258 4213 sensui
2274 4150 2469 4219 officit,
2478 4169 2595 4212 non
2611 4154 2867 4228 agnoscit

1770 4228 2103 4290 Scholiasta.
2188 4230 2339 4290 Dein
2380 4232 2650 4305 ἑπόμενος
2684 4230 2865 4291 Turn.

1768 4307 2048 4385 Equidem
2092 4310 2333 4367 libenter
2372 4308 2617 4385 legerem
2667 4312 2868 4390 ἑπομέ-

1772 4411 1911 4445 ναις.
1996 4386 2299 4447 Schutzius
2326 4390 2639 4465 ἑπομένοις.
