3282 5193
660 375 807 448 118
1510 393 2012 449 ειοςεΑΜΠΜ

653 577 849 653 ῥέπειν
878 570 1086 631 dicitur
1112 573 1251 631 lanx
1276 591 1526 647 veryem,
1559 571 1713 630 unde
1741 575 2075 650 ἀντίῤῥοπον
2117 576 2292 652 ἄχθος
2333 571 2606 650 Sophocli
2651 571 2861 632 dicitur

646 666 879 740 pondus
894 665 1047 739 quod
1062 665 1307 721 alteram
1334 663 1550 720 lancem
1576 665 1851 738 deprimit
1865 689 1890 730 ;
1931 684 2046 743 qno
2073 683 2244 723 sensu
2271 662 2416 722 dixit
2443 663 2860 729 Demosthenes

658 755 755 814 Ol.
802 755 852 811 Ῑ.
900 757 957 812 5.
1014 756 1326 831 πεφηνέναι
1367 777 1496 811 τινα
1536 757 1673 825 ἡμῖν
1715 761 2052 834 συμμαχίαν
2100 756 2307 814 τούτων
2347 757 2705 833 ἀντίῤῥοπον.
2761 753 2861 812 ubi

662 845 897 923 Ulpian.
943 845 1006 903 τὸ
1034 848 1368 922 ἀντίῤῥοπον
1406 845 1537 918 πρὸς
1579 849 1830 919 γενικήν,
1880 849 1943 905 τὸ
1993 846 2055 905 δὲ
2088 849 2405 924 ἶσόῤῥυπον,
2443 847 2577 923 πρὸς
2619 845 2858 914 δοτικήν.

661 935 929 1015 Sophocl.
961 935 1173 994 Electr.
1210 940 1343 995 120.
1388 933 1590 1006 Mov'vn
1620 941 1732 1013 γὰρ
1761 939 1929 1011 ἄγειν
1958 941 2054 994 οὒκ
2084 939 2165 996 ἔτι
2206 942 2364 996 σωκῶ
2391 940 2582 1009 Λύπης
2610 937 2862 1013 ἀντίῤῥο-

660 1053 771 1087 πον
801 1030 996 1107 ἄχθος.
1054 1025 1343 1106 Archytas
1370 1027 1765 1106 Pythagoreus
1791 1048 1885 1107 ap.
1917 1027 2078 1087 Gale.
2111 1034 2442 1088 συνίσταται
2470 1031 2534 1088 τὸ
2569 1031 2860 1107 ίσόρῤοπον

659 1123 722 1178 ἐκ
762 1125 838 1178 τῶ
874 1119 1083 1195 βαρέος
1125 1122 1215 1177 καὶ
1257 1119 1457 1196 κου’φω.
1574 1118 1834 1197 Hesych.
1876 1119 2215 1198 Ἰσόῤῥοπον.
2255 1120 2665 1197 ἰσοβαρὲς-ἐκ
2691 1144 2858 1198 μετα-

662 1219 832 1290 φορᾶς
868 1217 979 1272 τῶν
1010 1220 1087 1292 μὴ
1117 1215 1404 1290 ῥεπόντων
1447 1215 1660 1287 ζυγῶν.
1769 1212 1904 1270 Vid.
1933 1213 2085 1272 infra
2108 1216 2247 1272 443.
2281 1215 2418 1272 446.
2504 1212 2756 1272 Glossar.
2798 1213 2859 1271 in

661 1304 847 1362 Theb.
878 1308 978 1362 21.
1063 1303 1331 1381 Scaliger.
1363 1302 1529 1382 Conj.
1559 1304 1622 1363 in
1647 1304 1812 1362 Varr.
1841 1324 1903 1381 p.
1941 1309 2075 1365 193.

740 1465 880 1521 354.
936 1438 1435 1544 Ἀπόρθητος.
1508 1465 1645 1522 Non
1664 1471 1948 1522 vastatus.
2015 1463 2184 1522 Hanc
2203 1461 2431 1524 laudem
2451 1462 2582 1541 jure
2610 1462 2857 1540 quodam

658 1549 891 1626 proprio
916 1549 1047 1608 urbi
1073 1569 1193 1607 suae
1219 1549 1582 1608 vindicabant
1608 1550 2008 1609 Athenienses.
2108 1547 2422 1607 Oraculum
2448 1567 2541 1625 ap.
2575 1547 2855 1607 Herodot-

660 1639 804 1697 VII.
856 1643 988 1698 141.
1072 1645 1278 1716 Τεῖχος
1318 1645 1652 1717 Τριτογενεῖ
1693 1641 1918 1706 ξυλινον
1962 1639 2098 1699 διδοῖ
2142 1639 2390 1715 εὐρύοπα
2440 1640 2592 1707 Ζεύς,
2626 1643 2858 1699 Μοῦνον

660 1732 981 1806 ἀπόρθητον
1034 1735 1317 1790 τελέθειν.
1400 1729 1604 1808 Eurip.
1654 1730 1817 1789 Med.
1861 1733 2000 1789 820.
2081 1730 2438 1808 Ἐρεχθεῖδαι
2491 1731 2554 1789 τὸ
2608 1731 2860 1789 παλαιὸν

663 1820 873 1896 ὄλβιοι,
905 1825 1017 1879 Καὶ
1045 1826 1191 1880 θεῶν
1216 1822 1410 1880 παῖδες
1437 1846 1723 1899 μακαρων,
1751 1820 1929 1898 Ἱερας
1965 1825 2150 1900 χώρας
2186 1825 2499 1897 ἀπορθήτου
2539 1826 2585 1880 τ’
2619 1826 2860 1900 ἀποφερ-

661 1912 899 1991 βόμενοι
931 1912 1325 1972 Κλεινοτᾶταν
1356 1919 1577 1991 σοφίαν.

743 2059 881 2116 355.
926 2031 1227 2138 ’.Ερκος
1339 2057 1779 2118 Munimentum.
1891 2054 2186 2114 Sententia
2223 2075 2259 2114 a
2298 2056 2495 2116 multis
2535 2055 2862 2114 auctoribus

664 2143 881 2202 diverse
923 2143 1177 2222 prolata3
1222 2149 1279 2200 et
1306 2141 1557 2220 primum
1597 2161 1633 2200 a
1671 2141 1939 2220 Lycurgo
1977 2141 2040 2200 in
2064 2141 2326 2220 Epistola
2350 2161 2442 2220 ap.
2476 2141 2770 2201 Plutarch.
2799 2141 2860 2199 in

662 2234 782 2293 Vit.
814 2255 874 2313 p.
906 2237 1005 2296 95.
1034 2237 1133 2293 οὒκ
1160 2237 1235 2293 ἂν
1265 2235 1354 2304 ε’ίη
1382 2237 1704 2310 ἀτείχιστος
1733 2236 1914 2302 πόλις,
1946 2235 2066 2292 ἅτις
2095 2233 2368 2309 ἀνδρείοις
2397 2237 2486 2292 καὶ
2513 2237 2578 2291 οὗ
2605 2238 2863 2292 πλίνθοις

663 2326 1067 2404 ἐστεφάνωται.
1111 2325 1343 2384 Alcaeus
1370 2325 1523 2403 apud
1543 2323 1737 2383 Schol.
1760 2324 1912 2382 adh.
1938 2327 1991 2382 1.
2022 2325 2260 2402 Ἀνδρες
2290 2324 2399 2400 γὰρ
2427 2325 2629 2384 πόλεος
2654 2325 2864 2401 πύργος

662 2420 873 2493 ἀρήϊος.
893 2416 1288 2493 Ῑθςθ,”Ανδρες
1317 2416 1526 2486 πόληος
1554 2414 1765 2492 πύργος
1792 2419 1996 2492 ἀρήϊοι.
2055 2413 2322 2492 Thucyd.
2346 2415 2488 2473 VII.
2517 2415 2864 2491 77.”Ανδρες

664 2509 777 2584 γάρ
814 2509 997 2576 πόλις,
1026 2511 1116 2565 καὶ
1144 2512 1208 2566 οὒ
1245 2513 1429 2586 τείχη,
1460 2507 1589 2565 οὐδὲ
1622 2513 1748 2576 νῆες
1777 2506 1996 2582 ἀνδρῶν
2023 2513 2200 2564 κεναί.
2243 2505 2344 2564 ubi
2369 2505 2487 2564 vid.
2522 2505 2710 2566 Wass.
2757 2505 2864 2566 Pa-

663 2598 949 2678 loephatus
966 2598 1167 2656 XVII.
1198 2603 1335 2677 φασὶ
1364 2598 1443 2668 δέ,
1476 2599 1561 2658 ὅτι
1590 2603 1681 2657 καὶ
1707 2602 1965 2676 χαλκοῦν
1985 2606 2171 2677 τεῖχος
2199 2604 2268 2678 τῇ
2294 2600 2464 2657 πόλει
2493 2602 2662 2657 αὐτοῦ
2685 2623 2869 2675 περιε-

663 2689 941 2765 βέβλητο·
986 2689 1126 2766 ὅπερ
1168 2694 1287 2749 ἔστι
1330 2690 1551 2766 ψευδές·
1595 2693 1827 2749 ὁπλίτας
1865 2689 1996 2766 γάρ,
2037 2695 2105 2748 ὡς
2147 2690 2320 2766 οἶμαι,
2365 2690 2508 2769 εἶχε,
2550 2694 2653 2760 τὴν
2694 2691 2868 2749 πόλιν

666 2786 838 2842 αὺτοῦ
865 2782 1267 2860 φυλάττοντας.
1352 2781 1619 2841 Senarius
1638 2780 2007 2859 proverbialis
2035 2780 2189 2858 apud
2212 2781 2604 2851 Plutarchum,
2637 2781 2865 2841 Schott.

663 2893 724 2950 p.
770 2875 906 2931 604.
936 2874 1176 2950 Ἀνδρες
1213 2874 1324 2949 γάρ
1366 2876 1513 2933 εἶσιν
1555 2873 1614 2930 αἱ
1647 2872 1858 2943 πόλεις,
1902 2876 2000 2931 οὒκ
2030 2876 2218 2931 οἰκίαι.
2262 2871 2362 2950 qui
2399 2872 2866 2953 πεπαρῳδημένος

664 2963 890 3020 videtur
916 2981 987 3020 ex
1014 2963 1305 3042 Euripidis
1333 2963 1584 3040 Phryxo‚
1619 2964 1691 3021 Αἱ
1735 2963 1846 3039 γὰρ
1890 2962 2084 3021 πόλεις
2127 2962 2233 3021 ε’ίσ’
2274 2963 2488 3041 ἄνδρες,
2517 2966 2614 3023 οὒκ
2642 2967 2865 3039 ἐρημία.

669 3050 937 3129 Sophocl.
963 3054 1097 3111 OEd.
1129 3054 1201 3113 T.
1226 3057 1323 3113 56.
1366 3053 1465 3112 Ὡς
1490 3053 1656 3112 οὐδέν
1685 3055 1841 3113 ἔστιν
1869 3052 1995 3112 οὔτε
2023 3056 2254 3130 πύργος,
2293 3052 2420 3113 οὔτε
2456 3060 2587 3114 ναῦς
2601 3054 2864 3131 Ἔρημός,

666 3142 891 3218 ἀνδρῶν
930 3147 1007 3221 μὴ
1048 3146 1445 3209 ξυνοικοῦντων
1488 3146 1619 3204 ἔσω.
1707 3143 1799 3202 Sic
1826 3144 1976 3201 enim
2003 3143 2546 3222 interpungendum.
2630 3146 2866 3204 Tacitus

669 3234 834 3293 Hist.·
848 3235 900 3293 1.
929 3236 1089 3303 Quid
1106 3236 1141 3293 ‚7
1161 3256 1256 3294 vos
1268 3236 1708 3312 pulcherrimam
1728 3234 1877 3291 hanc
1896 3234 2088 3291 urbem
2115 3235 2370 3293 domibus
2391 3242 2452 3292 et
2473 3236 2646 3294 tectis
2661 3242 2720 3293 et
2739 3256 2868 3294 con-

661 3334 832 3401 yeetu
850 3327 1108 3403 lapidum
1122 3336 1279 3385 stare
1300 3328 1539 3386 creditis
1558 3327 1591 3385 ?
1617 3328 1796 3384 Muta
1815 3327 1934 3383 ista
1957 3333 2016 3383 et
2032 3328 2233 3383 inania
2251 3327 2598 3385 intercidere
2617 3348 2685 3385 ac
2699 3348 2866 3403 repa-

668 3420 795 3476 rari
808 3426 1075 3494 possunt.
1138 3418 1472 3477 AEternitas
1498 3438 1703 3486 rerum,
1737 3424 1797 3475 et
1812 3437 1940 3493 pax
1960 3418 2234 3491 mutium,
2275 3423 2337 3474 et
2364 3438 2486 3475 mea
2523 3438 2646 3476 cum
2671 3426 2868 3477 vestra

666 3511 824 3568 salus
849 3512 1245 3569 incolumitate
1270 3518 1507 3569 senatus
1508 3514 1811 3588 firmatur.

750 3652 889 3710 358.
956 3628 1391 3730 Καταυχέω.
1484 3651 1734 3709 Glorior.
1795 3654 1988 3729 αὺχέω
2015 3658 2103 3710 est
2131 3652 2478 3729 confidenter
2511 3652 2660 3709 dieo.
2719 3608 2893 3708 Vide!

674 3735 862 3794 Gloss.
892 3733 955 3793 in
984 3732 1275 3793 Prometh.
1311 3736 1446 3797 710.
1769 3770 1776 3776 ·

750 3881 889 3937 360.
938 3852 1371 3958 Ἀλάστωρ.
1442 3878 1646 3937 Malus
1671 3840 1904 3938 cedias.
1975 3878 2234 3957 Anglice,
2260 3881 2355 3939 An
2377 3881 2490 3939 evit
2511 3882 2708 3957 spirit.
2780 3882 2872 3943 De

558 3960 565 3964 ’
671 3966 782 4025 hac
816 3984 954 4024 voce
978 3962 1235 4041 insignis·
1256 3971 1343 4021 est
1380 3964 1711 4043 Etymologi
1743 3965 1905 4025 locus
1929 3986 1992 4043 p.
2023 3970 2118 4037 57,
2154 3970 2249 4025 25.
2294 3987 2325 4026 e
2350 3966 2533 4025 lexico
2561 3967 2872 4028 Rhetorico

669 4057 1021 4135 depromtus.
1118 4054 1429 4132 Ἀλάστωρ,
1472 4058 1501 4114 ὁ
1538 4058 1889 4134 ἁμαρτωλός,
1923 4059 1958 4125 ἢ
1990 4059 2020 4115 ὁ
2057 4058 2276 4135 φονεύς,
2323 4059 2358 4127 ἢ
2412 4062 2443 4117 ὁ
2495 4061 2708 4135 ἐφορῶν
2748 4059 2874 4120 τοῦς

672 4148 874 4226 φόνους
904 4147 1055 4206 Zeis.
1100 4151 1242 4205 κατὰ
1267 4148 1376 4223 μὲν
1405 4147 1735 4218 Χρύσιππον
1775 4148 1874 4207 τὸν
1914 4150 2243 4225 φιλόσοφον,
2275 4150 2365 4207 ἐπὶ
2402 4153 2501 4207 τοῦ
2534 4153 2873 4227 ἁμαρτωλοῦ

673 4242 764 4298 καὶ
799 4241 1027 4316 φονέως,
1066 4238 1182 4296 ἀπο
1218 4241 1311 4310 τῆς
1353 4237 1625 4305 ἐλάσεως,
1668 4241 1699 4296 ὁ
1740 4238 1886 4305 ἄξιος
1928 4262 2024 4296 του
2065 4238 2411 4297 ελαῦνεσθαι
2453 4238 2544 4298 δια
2583 4242 2776 4318 φόνον*
2833 4244 2872 4311 ἢ

674 4331 787 4388 ἀπὸ
815 4332 910 4387 τοῦ
937 4330 1191 4385 ἀλασθαι
1216 4326 1299 4396 ’.τὸ
1334 4330 1682 4397 πλανᾶσθαι,
1718 4330 1753 4397 ἢ
1795 4328 1826 4385 ὁ
1859 4330 2088 4386 ἄλαστα
2116 4327 2279 4404 δρῶν.
2325 4352 2463 4387 κατα
2503 4329 2565 4387 δὲ
2590 4329 2871 4389 Ἀπολλο-

674 4418 867 4495 δωρον,
896 4422 1009 4477 ἀπὸ
1036 4442 1130 4477 του
1160 4422 1401 4485 ἀλιτεῖν,
1432 4442 1463 4476 ο
1492 4419 1664 4479 ἐστιν
1675 4406 2054 4479 ἀλίτανευτως
2081 4419 2473 4479 ἀδικειν-ἐπὶ
2501 4418 2562 4477 δὲ
2588 4424 2688 4480 τοῦ
2715 4425 2870 4489 Διός,
