3282 5193
1377 424 1786 499 ΠΕΡΣΑΙ.

2632 422 2728 499 71

549 631 721 707 XO.
771 627 1000 707 Ἀσία
1058 629 1140 707 δὲ
1196 629 1430 733 χθών,
1490 635 1821 723 βασιλεῦ
1878 630 2115 729 γαίας,

771 760 990 837 αἰνῶς
1045 760 1264 839 αἰνῶς
1319 758 1442 834 ἐπὶ
1496 751 1685 856 γόνυ
1746 755 2103 834 κέκλιται.

547 880 712 966 ΞΕ.
775 876 882 960 ὅδ’
927 882 1143 984 ἐγών,
1205 883 1303 979 οἵ,
1365 884 1462 978 οἵ,
1526 884 1624 978 οἵ,
1686 878 2010 980 αἰακτός,

2306 916 2479 985 στρ.
2526 879 2619 963 α’.

773 1005 1066 1106 μέλεος,
1125 1008 1358 1116 γέννᾳ
1414 1015 1516 1115 γᾷ
1571 1044 1653 1091 τε
1711 1008 2023 1117 πατρῴᾳ

997 1133 1228 1214 κακὸν
1286 1131 1400 1237 ἄρ’
1445 1133 1830 1239 ἐγενόμαν.

2573 1150 2733 1216 930
2785 1215 2794 1220 .

552 1265 727 1338 XO.
775 1257 1333 1367 πρόσφθογγόν
1393 1296 1522 1340 σοι
1583 1258 1893 1355 νόστου,
1954 1259 2093 1340 τὰν

528 1378 531 1381 ’
769 1384 1236 1491 κακοφάτιδα
1291 1384 1516 1481 βοάν,
1577 1383 2086 1486 κακομέλετον
2147 1385 2266 1466 ἰὰν

994 1507 1527 1614 Μαριανδυνοῦ
1588 1517 2054 1615 θρηνητῆρος

768 1637 1074 1743 πέμψω,
1115 1636 1603 1740 πολύδακρυν
1663 1637 1955 1743 ἰακχάν.

439 1817 444 1822 ·
549 1766 719 1849 ΞΕ.
772 1763 896 1843 ἵετ’
939 1769 1158 1864 αἰανῆ
1219 1769 1339 1844 καὶ
1396 1763 1871 1868 πανόδυρτον

439 1987 680 2045 fidenter
718 1985 954 2043 mutavi.
1040 1985 1226 2063 Supra
1265 1988 1400 2049 737.
1461 1986 1540 2046 Ὦ

439 2072 610 2122 ποποῖ
664 2069 823 2133 κενῆς
897 2067 1118 2137 ἀρωγῆς
1189 2064 1541 2141 κάπικουρίας

441 2147 700 2218 στρατοῦ.
747 2139 849 2200 ubi
874 2141 1045 2199 etiam
1074 2142 1269 2201 κεδνᾶς
1303 2143 1366 2201 in
1401 2163 1543 2201 non-

437 2222 626 2280 nullos
661 2220 836 2277 libros
875 2218 1122 2296 irrepsit.
1203 2221 1310 2280 Vel
1349 2231 1542 2298 posset

437 2300 551 2378 legi
579 2303 764 2358 κεινᾶς
800 2297 974 2356 α’λκᾶς
1004 2297 1196 2356 Ionice
1223 2318 1328 2378 pro
1357 2305 1538 2370 κενᾶς,

435 2380 538 2438 sed
564 2379 807 2437 alterum
833 2382 1092 2454 praestat.

519 2458 655 2517 926.
701 2455 794 2514 Sic
830 2455 1186 2531 interpunxit
1214 2455 1537 2516 Schutzius.

436 2536 627 2615 Vulgo
649 2535 920 2611 βασιλεῦ,
962 2539 1130 2609 γαίας
1165 2533 1364 2605 Αἰνιὶῖς,
1400 2555 1537 2594 neu-

435 2622 527 2673 tra
564 2624 756 2673 tamen
787 2613 934 2671 ratio
975 2614 1110 2671 satis
1149 2614 1294 2671 mihi
1329 2616 1535 2693 placet.

437 2702 618 2769 γαῖαν
647 2693 715 2750 C.
747 2691 837 2748 M.
875 2694 926 2747 l.
950 2698 1128 2766 γαῖαν
1156 2693 1245 2749 Μ.
1277 2696 1334 2751 2.
1418 2694 1538 2752 Ab·

436 2773 607 2830 surde
632 2770 820 2827 nescio
847 2768 974 2845 quis
1001 2769 1156 2848 apud
1189 2770 1418 2829 Scholia
1443 2775 1538 2830 ἐπὶ

436 2855 580 2925 γόνυ
634 2851 780 2916 α’ἰας,
839 2850 959 2915 ἤτοι
1034 2847 1178 2906 κατά
1240 2856 1537 2925 πρόσωπον

434 2934 530 3000 τῆς
567 2935 691 3003 γῆς.
750 2925 1067 2984 Scholiasta
1084 2928 1311 2985 videtur
1335 2928 1536 3006 legisse

433 3010 626 3067 Ἀσιοίς
698 3005 788 3063 vel
859 3008 1072 3063 Ἀσίας.
1185 3006 1394 3065 Nescio
1462 3028 1534 3066 an

433 3084 743 3166 AEschylus
800 3082 1086 3160 scripserit
1135 3088 1333 3142 Ἀσίας
1377 3092 1534 3164 χθὼν

419 3172 603 3242 ’γαίας
657 3170 724 3220 ut
779 3166 884 3237 γῆς
929 3162 1197 3241 Ἀχαϊκῆς
1250 3165 1422 3224 πέδον
1476 3173 1534 3224 et

419 3246 657 3307 similia.

513 3327 647 3385 927.
693 3320 1062 3394 yoiivaurn.
1084 3320 1286 3397 Steph.
1300 3320 1531 3380 Canter.

433 3406 670 3463 Porson.
728 3402 938 3456 αἰανῶς
963 3401 1058 3454 ἐπὶ
1083 3403 1228 3471 γόνυ
1252 3399 1341 3454 Μ.
1381 3404 1432 3456 l.

513 3483 649 3541 928.
693 3479 747 3535 οἲ
793 3478 849 3534 οἳ
893 3476 981 3532 bis
1017 3482 1223 3533 'omnes
1271 3475 1402 3533 edd.
1449 3484 1537 3535 ter

428 3560 521 3617 M.
558 3552 610 3615 1.
642 3554 945 3613 BumeiuS.

513 3640 648 3697 929.
692 3638 912 3708 γένναν
940 3630 1090 3689 Rob.
1127 3637 1212 3709 γᾷ
1242 3656 1303 3690 τε
1331 3638 1533 3710 πατρίᾳ

431 3715 562 3773 edd.
619 3730 832 3771 omnes.
901 3710 1125 3787 πάτριος
1179 3719 1238 3770 et
1285 3736 1427 3786 πατρ
1451 3721 1470 3733 “
1506 3738 1532 3771 ς

311 3829 326 3835 -
429 3793 587 3852 haud
641 3790 814 3849 semel
865 3788 1100 3847 confusa
1153 3798 1308 3850 sunt.
1447 3792 1525 3849 id.

431 3873 668 3931 Porsen.
707 3866 782 3928 ad
823 3868 1023 3945 Eurip.
1067 3869 1294 3928 Hecub.
1335 3872 1432 3929 80.
1470 3882 1527 3929 et

428 3952 504 4010 cf.
523 3950 738 4008 Alcest.
762 3949 896 4004 242.
941 3946 1148 4023 πάτρια
1170 3968 1276 4025 pro
1295 3954 1527 4028 πατρῷα

427 4027 845 4089 restituendum
871 4024 932 4081 in
959 4024 1172 4083 Bacch.
1205 4029 1376 4086 1365.
1420 4054 1527 4086 πα-

427 4115 578 4185 τρίας
629 4125 736 4184 pro
786 4103 1045 4181 πατρῴας
1087 4104 1298 4163 Electr.
1353 4111 1522 4165 1315.

426 4192 671 4263 πατρίων
717 4202 822 4261 pro
861 4182 1128 4260 πατρῴων
1169 4183 1310 4242 ibid.
1353 4189 1522 4245 1323.

428 4268 503 4326 In
533 4267 644 4325 hoe
683 4281 852 4320 versu
885 4266 974 4320 καὶ
1015 4266 1094 4339 γᾷ
1131 4270 1336 4339 πατρίᾳ
1380 4264 1526 4321 Bur.

426 4346 606 4404 neiuS.
691 4339 806 4399 Sed
835 4341 1044 4399 rectius
1087 4359 1121 4397 a
1162 4341 1351 4399 Xerxe
1394 4362 1526 4435 rege

429 4424 636 4483 dicitur
663 4426 740 4494 γῆ
764 4420 1015 4501 πατρῴα.
1102 4419 1330 4479 Chorus
1356 4420 1526 4481 dixis-

428 4510 515 4563 set
543 4506 622 4578 γῆ
646 4506 874 4578 πατρία.

2153 1768 2315 1847 ἀντ.
2358 1764 2451 1848 α’.
2524 1737 2529 1742 ⁸
2572 1784 2727 1849 935

1719 1989 1854 2047 930.
1916 1984 2025 2044 Pes
2064 1985 2285 2062 primus
2326 1986 2736 2064 proceleusma-

1638 2063 1785 2122 ticus
1821 2069 1925 2130 est,
1970 2081 2142 2140 quem
2183 2063 2515 2141 hujusmodi
2557 2075 2739 2145 syste-

1637 2148 1792 2199 mata
1816 2160 1935 2199 non
1958 2148 2256 2217 respuunt.

1720 2223 1856 2280 931.
1898 2219 2005 2295 πρὸ
2032 2224 2291 2296 φθόγγου
2318 2220 2453 2278 Ald.
2479 2220 2645 2280 Colb.
2678 2227 2730 2282 l.

1637 2301 2039 2374 προσ-φθόγγου
2063 2321 2150 2356 σοι
2180 2298 2265 2355 Μ.
2293 2303 2350 2356 2.
2383 2298 2543 2356 Med.
2599 2301 2733 2375 πρὸς

1637 2381 1899 2455 φθόγγου
1929 2376 2077 2433 Rob.
2110 2375 2191 2433 H.
2237 2375 2369 2433 Vid.
2400 2395 2573 2453 supra
2600 2381 2732 2437 158.

1721 2460 1856 2515 933.
1903 2455 2295 2528 Μαριανὲινοῦ
2319 2453 2454 2511 Ald.
2538 2460 2734 2532 Μαρυ-

1637 2534 1760 2593 ανδι
1772 2539 1869 2592 νοῦ
1886 2533 2034 2592 Rob-
2054 2533 2455 2612 Μαριανδυνὸν
2472 2533 2735 2595 Photius.

1639 2614 1783 2691 (vid.
1805 2612 2113 2689 Glossar.).
2196 2612 2601 2691 Μαριανδυνοῦ
2616 2616 2734 2674 Eu-

1631 2694 1812 2830 Zfiagh.
1840 2693 1904 2751 in
1932 2692 2171 2770 Dionys.
2202 2694 2339 2756 878.
2391 2699 2735 2774 θρηγητῆρος

1717 2853 1851 2909 934.
1896 2850 2104 2927 πέμψω
2139 2848 2243 2907 bis·
2267 2848 2398 2907 edd.
2434 2857 2566 2909 ante
2594 2852 2731 2911 Por-

1632 2948 1855 2997 sonum,
1895 2935 1953 2985 et
1989 2946 2122 2985 mox
2164 2928 2362 3007 ἰαχάν.
2446 2928 2730 3008 Equidem

1601 3020 1610 3031 ¹
1631 3004 1989 3085 praetulerim
2015 3007 2243 3085 ἰἀκχον.

1714 3088 1849 3146 935.
1894 3088 2105 3156 αἰανὴν
2136 3085 2267 3144 edd.
2352 3089 2529 3157 αἰανῆ
2564 3087 2727 3151 Med.

1630 3164 1827 3222 Recte.
1898 3162 2031 3222 Vid.
2062 3184 2234 3241 supra
2262 3166 2399 3223 641.
2481 3168 2727 3229 Eumen.

1633 3244 1769 3301 569.
1821 3246 1899 3300 εἰς
1942 3242 2041 3301 τὸν
2089 3248 2262 3314 αἰανῆ
2304 3247 2536 3321 χρόνον.
2584 3246 2726 3307 ibid.

1634 3323 1770 3379 940.
1800 3320 1925 3399 μηδ’
1950 3322 2193 3396 ἄκαρπος
2222 3326 2419 3392 αἰανὴς
2446 3326 2730 3401 ἐφερπέτω

1633 3401 1816 3455 νόσος.
1898 3397 2039 3455 ibid.
2095 3402 2235 3456 415.
2320 3402 2506 3459 νυκτὸς
2555 3408 2730 3477 αἰανῆ

1631 3482 1820 3535 τέκνα.
1863 3474 2194 3534 Archiloch.
2218 3495 2319 3553 ap.
2351 3478 2427 3535 Et
2528 3481 2603 3539 ol.
2634 3482 2724 3541 M.

1630 3558 1801 3631 p.32‚
1816 3555 1910 3611 26.
1943 3553 2172 3614 δεῖπνον
2192 3560 2407 3625 αἰηνὲς.
2524 3561 2723 3637 cophr.

1633 3637 1772 3693 929.
1817 3636 1990 3704 αἰανῆ
2018 3637 2171 3693 θεόν.
2234 3634 2449 3694 Pindar
2565 3638 2649 3697 th.
2673 3639 2726 3698 Ῑ.

1638 3714 1770 3771 160.
1816 3715 1966 3789 κόρος
1994 3716 2216 3786 αἰανὴς.
2280 3714 2489 3773 Isthm.
2558 3716 2723 3778 11.4.

1629 3794 1802 3862 αἰανῆ
1854 3794 2034 3868 κόρον.
2119 3793 2194 3851 In
2240 3792 2507 3873 Sophocl.
2559 3795 2724 3875 Ajac-

1629 3874 1767 3934 6¹72.
1797 3890 1902 3947 pro
1938 3871 2126 3931 νυκτὸς
2162 3876 2361 3942 αἰανῆς
2399 3874 2604 3943 κύκλος,
2650 3876 2727 3935 Ie-

1624 3949 1877 4027 gendum
1904 3969 1972 4008 ex
1996 3950 2171 4009 Suida
2197 3955 2395 4021 αἰανὴς
2423 3953 2637 4023 κύκλος,
2668 3962 2727 4013 et

1625 4033 1827 4097 αἰανὴς
1852 4048 1959 4107 pro
1987 4034 2162 4100 αἰανῆ
2186 4030 2396 4088 Electr.
2422 4032 2560 4089 506.

1705 4109 1862 4165 Ibid.
1894 4108 2235 4186 πανόδυρτον
2254 4107 2402 4181 βοὰν
2421 4109 2572 4166 Rob.
2595 4110 2724 4168 Ma-

1623 4186 1725 4243 lim
1767 4187 2101 4263 πάνδυρτον,
2140 4194 2207 4244 ut
2243 4186 2577 4244 antithetieo
2618 4207 2723 4247 sno

1624 4284 1825 4324 versus
1864 4266 2043 4343 magis
2079 4266 2153 4324 ad
2188 4265 2459 4323 amussim
2494 4284 2724 4343 respon-

1625 4342 1777 4409 deat,
1822 4343 1899 4401 ὁδ’
1934 4348 2109 4419 ἐγών,
2142 4346 2217 4412 σ’ἰ,
2260 4344 2332 4412 οἷ,
2372 4345 2445 4412 σ’ἰ,
2480 4346 2721 4406 αἰακτός.

1625 4420 1843 4479 Eadem
1870 4425 2144 4481 eorrectio
2168 4421 2491 4481 adhibenda
2507 4444 2561 4481 v.
2584 4428 2721 4486 938.

1626 4507 1702 4569 et,
1752 4508 1820 4558 ut
1865 4499 2091 4561 videtur
2134 4500 2195 4559 in
2242 4500 2441 4581 Eurip.
2495 4502 2723 4564 Hecub.
