3282 5193
1328 430 1419 484 IN
1456 414 1768 486 ΡΕΒεΑὲ.
2501 414 2646 494 171

534 631 705 690 1006.
762 606 882 686 Δι’
924 613 1207 692 αἰῶνος.
1292 630 1444 688 Post
1484 633 1711 704 lorcyum
1754 639 1991 707 tempus.
2075 631 2319 690 Eumen.
2374 636 2510 694 560.
2581 637 2649 696 δι’

451 719 649 776 αἰῶνος
678 716 739 774 δὲ
766 718 867 775 τὸν
902 721 1031 792 πρὶν
1062 716 1242 791 ὄλβον
1255 716 1497 796 ’Ἑρματι
1531 717 1880 795 προσβαλὼν
1908 717 2293 778 Δίκας”Ωλετ’
2314 724 2643 793 ἄκλαυστος,

449 808 653 866 αἶστος.
739 808 1084 886 Plerumque
1132 808 1339 866 dicitur
1380 809 1473 866 διοῖ
1518 813 1747 886 χρόνου,
1792 816 1857 867 ut
1905 829 2076 886 supra
2124 813 2255 872 747.
2339 811 2428 870 De
2469 813 2647 871 altera

449 897 859 975 significatione
886 899 1149 958 formulae
1178 900 1243 959 δι’
1271 903 1472 958 αἰῶνος
1500 901 1686 958 dicam
1715 899 1787 958 ad
1817 897 2023 976 Agam.
2057 902 2194 958 556.
2238 900 2331 959 διά
2356 902 2644 962 interdum

446 988 597 1046 valet
625 997 787 1065 post,
828 988 1093 1068 Thucyd.
1127 990 1233 1048 IV.
1263 993 1322 1050 8.
1367 991 1433 1050 δι’
1460 994 1664 1064 ὀλίγης
1704 996 2072 1068 παρασκευῆς,
2091 999 2233 1067 post
2259 993 2475 1050 brevem
2490 1014 2646 1070 prce-

433 1083 823 1155 parationem.

533 1225 706 1281 1008.
765 1197 957 1299 Δύη.
1042 1223 1347 1282 AErumna.
1432 1222 1685 1282 Glossar.
1714 1222 1777 1280 in
1803 1219 2097 1281 Prometh.
2133 1223 2266 1282 186.

534 1376 709 1436 1009.
765 1349 1007 1433 'Idam
1090 1374 1225 1433 Vid.
1256 1395 1430 1452 supra
1463 1378 1594 1434 182.
1681 1374 1988 1449 Ναυβάτης
2015 1393 2188 1453 supra
2213 1377 2352 1437 381.

530 1524 702 1581 1013.
763 1505 939 1583 Πῶς
998 1501 1059 1579 δ’
1114 1502 1203 1578 οὗ
1258 1501 1707 1603 πέπληγμαι
1739 1530 1760 1592 ;
1823 1524 1971 1591 Quis
2005 1531 2174 1598 neget
2207 1543 2293 1581 mc
2317 1523 2645 1599 perculsum

444 1627 565 1667 csse
586 1615 751 1666 tanto
772 1610 1024 1666 exercitu
1044 1609 1077 1668 ?
1113 1608 1156 1666 i.
1182 1629 1232 1667 e.
1264 1611 1417 1685 quod
1426 1613 1653 1668 attinet
1673 1613 1756 1668 ad
1772 1615 2056 1669 exercitus
2058 1613 2379 1686 jacturam.
2443 1609 2644 1668 Minus

440 1707 591 1758 recte
644 1699 961 1759 Scholiasta
1012 1705 1352 1778 πέπληγμαι
1404 1701 1479 1759 de
1531 1701 1768 1778 planctu
1821 1702 1972 1780 cepit
1996 1724 2011 1759 z
2081 1701 2197 1760 vid.
2245 1720 2420 1779 supra
2467 1703 2640 1761 1007.

441 1791 600 1849 Nota
638 1798 830 1849 autem
870 1792 1115 1850 formula
1153 1799 1268 1851 πῶς
1306 1793 1354 1851 δ’
1389 1797 1664 1870 oin—quis
1703 1801 1872 1868 neyet
1889 1795 1923 1853 ?
1963 1800 2024 1852 et
2059 1793 2126 1852 in
2164 1792 2490 1852 universum
2531 1792 2643 1850 hoc

438 1901 594 1959 cape,
627 1882 889 1940 Graecam
928 1882 1182 1960 linguam
1220 1885 1758 1962 interrogationibus
1798 1885 2062 1962 gaudere.
2120 1903 2169 1942 e.
2213 1905 2272 1962 g.
2316 1882 2639 1960 Euripides,

438 1993 618 2051 quum
646 1973 959 2051 exprimere
976 1974 1144 2030 vellet
1160 1975 1309 2031 nihil
1326 1977 1621 2048 infectum,
1649 1976 1797 2030 nihil
1815 1977 2094 2032 indictum
2115 1977 2450 2050 relinquem,
2477 1973 2638 2042 dixit,

439 2071 493 2123 τί
500 2065 545 2123 ν’
561 2069 627 2123 οὔ
656 2065 817 2139 δρῶν,
838 2071 975 2122 ποῖα
1002 2063 1047 2121 δ’
1066 2068 1129 2122 οὒ
1156 2069 1351 2136 λέγων
1380 2067 1487 2133 ἔπη
1510 2087 1527 2132 ;
1568 2063 1774 2121 Phoen.
1797 2065 1933 2122 892.
2001 2063 2093 2121 Sic
2122 2063 2293 2121 etiam
2320 2062 2643 2139 imperativi

436 2157 577 2225 vice,
613 2155 874 2213 futumm
910 2174 1043 2213 cum
1076 2154 1519 2230 interrogatione
1543 2153 1948 2230 'usurpabant3
1993 2143 2177 2216 Theb.
2211 2155 2348 2212 238.
2401 2158 2524 2212 Οὐκ
2563 2159 2642 2213 εἰς

433 2251 645 2324 φθόρον
686 2251 883 2321 ‹ny-‘m’
923 2250 1248 2324 ἀνασχήσει
1294 2245 1470 2314 ruffin
1512 2244 1615 2302 uhi
1646 2244 1776 2303 vide
1813 2243 2186 2314 Glossarium,
2216 2253 2274 2303 et
2305 2245 2640 2304 Elmsleium

440 2339 503 2397 in
528 2340 788 2398 Censura
812 2337 1111 2397 Trimestri
1136 2339 1207 2397 T.
1226 2338 1371 2396 VII.
1390 2359 1449 2416 p.
1468 2340 1608 2396 454.
1693 2335 1789 2395 Sic
1814 2342 1930 2395 πῶς
1957 2336 2071 2412 γὰρ
2097 2336 2185 2404 0353
2222 2341 2336 2395 πῶς
2362 2333 2493 2406 οὖνς
2527 2339 2642 2393 πῶς

430 2429 649 2499 -ὃοκεῖς;
692 2435 802 2488 πῶς
848 2433 993 2499 οἵεις
1044 2436 1099 2489 τί
1125 2431 1276 2507 γάρ;
1326 2454 1377 2489 τι
1408 2426 1545 2497 mim
1591 2431 1805 2498 πόθεν;
1855 2428 2049 2487 Multa
2087 2428 2346 2506 exempla
2383 2427 2446 2486 in
2484 2425 2641 2485 brevi

438 2523 623 2601 spatio
646 2522 915 2581 conclusa
942 2522 1271 2601 suppeditat
1292 2514 1599 2580 Alcestidi's
1628 2519 1955 2599 Euripidem
1984 2518 2296 2580 exordium.
2380 2518 2513 2578 Vid.
2543 2537 2637 2576 vv.

438 2618 537 2676 39.
566 2618 665 2673 41.
690 2618 789 2673 43.
819 2618 917 2673 45.
948 2616 1048 2677 47.
1068 2618 1165 2673 52.
1194 2616 1290 2674 58.
1315 2615 1413 2672 60.
1442 2615 1537 2676 77.
1566 2614 1662 2676 78.
1689 2614 1787 2670 85.
1813 2614 1910 2671 88.
1937 2616 2034 2673 95.
2061 2613 2635 2675 97.107.131.137.

445 2709 574 2763 146.
618 2714 677 2765 et
716 2715 1035 2784 sequentes,
1118 2706 1197 2764 Et
1236 2705 1299 2763 in
1333 2705 1443 2765 hac
1479 2703 1710 2782 quidem
1744 2711 1908 2780 parte
1942 2704 2148 2763 Graeca
2177 2702 2528 2763 consuetudo
2565 2703 2636 2761 ab

434 2791 624 2857 indole
648 2797 975 2874 linguarum
1001 2797 1407 2855 hodiernamm
1436 2794 1749 2873 plurimum
1778 2794 1972 2853 distat.
2307 2812 2314 2817 ·

522 2938 695 2996 1016.
757 2912 1091 3015 Μεγάλα
1129 2913 1223 2993 τὰ
1263 2916 1598 3016 Περσᾶν.
1643 2934 1684 2993 i.
1715 2953 1765 2991 e.
1813 2916 2139 3016 Περσῶν
2178 2916 2248 2991 οἱ
2284 2909 2633 3013 μεγάλοι.

344 3106 357 3112 ,
434 3024 551 3085 vid.
583 3024 835 3083 Glossar.
865 3022 940 3081 ad
965 3043 1021 3081 v.
1060 3025 1110 3079 1.

522 3171 695 3227 1020.
756 3144 838 3193 ¹*
844 3144 1415 3246 Οἵστοδεγμων.
1500 3166 1771 3241 Sayittas
1809 3167 2106 3242 recipiens.
2176 3164 2328 3225 idem
2355 3186 2421 3226 ac
2452 3170 2632 3228 οἰστο-

436 3256 566 3328 δόκη
587 3256 677 3314 vel
698 3254 1017 3325 ὄὶστοθὴκη,
1043 3254 1250 3312 Pollux
1270 3252 1348 3310 X.
1374 3256 1507 3311 142.
1549 3253 1821 3332 Apollon.
1847 3252 2038 3311 Rhod.
2060 3253 2112 3311 Ι.
2140 3256 2310 3313 1194.
2353 3250 2563 3333 Ῥίμφα
2593 3256 2638 3313 δ’

436 3347 754 3417 ὅὶστοδόκην
771 3348 877 3425 μὲν
900 3349 990 3404 ἐπὶ
1018 3348 1185 3424 χθονὶ
1215 3348 1348 3414 θῆκε
1374 3349 1676 3421 φαρέτρην.
1742 3342 2088 3421 Hesychius·
2116 3343 2435 3421 ὅίστοίνχου.
2466 3352 2636 3421 φαρέ·

436 3465 584 3516 τρας,
614 3437 826 3497 ὅὶστούς
857 3438 1117 3515 ἐχοῦσης.
1147 3438 1241 3495 καὶ
1280 3439 1574 3513 εὔστόχου.
1661 3433 1980 3511 Distingue‚
2009 3436 2307 3511 ὅίστοὺχου
2342 3441 2634 3513 φαρέτρας.

433 3530 649 3591 dicretis
690 3531 951 3608 ἐχούσης.
1054 3526 1295 3586 Ultimae
1337 3545 1502 3585 voces
1543 3523 1854 3584 referendae
1897 3523 1971 3582 ad
2011 3523 2370 3583 iotacismum
2411 3526 2632 3585 scribae.

437 3622 632 3682 Simile
658 3620 1001 3700 adjectivum
1029 3626 1115 3677 est
1145 3618 1530 3705 νεκροδέγμων
1558 3617 1753 3675 Prom.
1792 3618 1921 3677 159.

522 3782 695 3838 1022.
758 3752 1192 3856 Θησαυρός.
1275 3775 1740 3851 Receptaculum.
1825 3770 2060 3849 Proprie
2081 3771 2162 3830 sic
2189 3771 2523 3831 dicebantur
2548 3792 2635 3833 sa-

432 3867 575 3927 cella
628 3864 777 3921 circa
831 3861 1139 3939 Delphicas
1192 3861 1363 3932 aedes,
1412 3861 1473 3919 in
1527 3858 1734 3939 quibus
1788 3858 2034 3937 reposita
2075 3867 2235 3917 erant
2283 3860 2632 3919 diversarum

431 3957 661 4015 urbium
694 3953 1057 4031 ἀναθήματα.
1140 3952 1516 4030 Epitaphium
1544 3951 1736 4010 Naevii
1763 3951 2038 4011 Catalect.
2065 3968 2128 4029 p.
2158 3955 2290 4012 194.
2322 3960 2634 4029 postquam

432 4056 522 4108 est
552 4048 811 4105 traditus
844 4046 1053 4103 Orcino
1086 4046 1375 4102 tlte-sauro.
1418 4043 1459 4102 i.
1489 4062 1541 4103 e.
1584 4044 1966 4118 receptaculo.

516 4190 689 4245 1024.
752 4164 1246 4265 Σπανίζομαι.
1323 4184 1650 4243 Destituor.
1721 4180 1856 4240 Vid.
1877 4200 2049 4259 supra
2069 4184 2207 4241 495.
2290 4178 2495 4239 Activa
2517 4200 2631 4239 vox

430 4276 666 4336 eandem
704 4272 822 4329 vim
861 4271 1038 4330 habet
1078 4270 1341 4348 Choeph.
1378 4272 1510 4333 715.
1559 4273 1623 4328 οὔ
1675 4273 2044 4338 σπανίζοντες
2089 4274 2306 4345 ‹pi->mm
2359 4267 2628 4345 Thucyd.

431 4367 539 4427 IV.
561 4368 618 4425 6.
651 4360 965 4434 ἐσπάνιζον
992 4368 1213 4440 τροφῆς.
1257 4369 1313 4421 et
1341 4361 1421 4419 sic
1448 4361 1660 4437 saepius
1686 4360 1840 4437 apud
1860 4359 2214 4438 Euripidem.
2293 4360 2405 4418 Sed
2432 4358 2630 4418 similis

431 4476 571 4517 usus
596 4456 657 4515 in
682 4456 874 4515 orest.
914 4457 1085 4515 1051.
1130 4455 1258 4530 ὁρᾷς
1287 4453 1348 4512 δὲ
1376 4452 1441 4523 δὴ
1468 4458 1652 4531 φίλων
1675 4450 1776 4510 Ὠς
1803 4454 2192 4525 ἐσπανίσμεθ’.
