3282 5193
1308 411 1721 487 ΠΕΡΣΑῙ.

594 606 862 689 κάλλει
922 611 984 691 τ’
1049 613 1353 712 ἀμώμω,
1418 617 1539 694 καὶ
1600 612 2025 717 κασιγνήτα
2086 614 2351 717 γένους·

2571 415 2674 488 15

2516 626 2670 692 190

594 737 895 816 ταύτοῦ·
988 737 1284 843 πάτραν
1346 739 1409 820 δ’
1474 736 1756 836 ἔναιον,
1816 742 1861 840 ἡ
1920 741 2058 840 μὲν
2115 737 2464 820 Ἑλλάδα
2555 791 2564 800 ·

598 862 855 972 κλήρῳ
917 875 1271 972 λαχοῦσα
1336 875 1589 970 γαῖαν,
1653 869 1700 966 ἡ
1758 867 1840 948 δὲ
1897 866 2325 972 βάρβαρον.

595 989 835 1070 τούτω
896 991 1181 1073 στάσιν
1241 996 1408 1091 τιν’,
1467 999 1565 1080 ὡς
1629 994 1775 1097 ἐγὼ
1832 991 2133 1076 ’δόκουν
2194 997 2409 1100 ὃρᾷν,

601 1115 894 1222 τεύχειν
955 1117 1065 1199 ἐπ’
1107 1120 1554 1221 ἀλλήλαισι.
1639 1129 1814 1206 παῖς·
1879 1121 1941 1200 δ’
1984 1101 2157 1221 ἐμδς
2215 1119 2473 1220 μαθὼν

598 1251 922 1349 κατεῖχε,
989 1245 1435 1350 κάπροὶὔνεν,
1489 1242 1823 1351 ἅρμασιν
1883 1247 1944 1326 δ’
2003 1244 2150 1326 ὕπο

2525 1263 2668 1325 195

600 1367 1000 1471 ζεύγνυσιν
1054 1372 1281 1469 αὐτώ,
1345 1377 1466 1454 καὶ
1522 1373 1832 1454 λέπαδν’
1874 1373 1984 1453 ἐπ’
2029 1374 2360 1479 αὐχένων

593 1497 877 1597 τίθησι.
979 1500 1108 1604 χ’ἦ
1163 1498 1301 1601 μὲν
1359 1501 1524 1608 τῇδ’·
1558 1505 1981 1604 ἐπυργοῦτο
2041 1505 2318 1603 στολῇ,

599 1624 678 1702 ἐν
736 1624 1025 1723 ἡνίαισί
1076 1627 1138 1707 τ’
1184 1623 1383 1734 εἶχεν
1443 1620 1809 1730 εὔαρκτον
1868 1623 2141 1725 στόμα·

596 1749 643 1847 ἦ
702 1750 764 1829 δ’
805 1750 1215 1859 ἐσφάδαζε,
1278 1758 1399 1834 καὶ
1456 1760 1716 1859 χεροῖν
1776 1746 1947 1852 ’ἔντη
2007 1754 2283 1858 δίφρου

376 1969 501 2028 Nec
522 1970 684 2029 aliter
712 1971 929 2031 Latini:
958 1973 1141 2032 Tacit.
1154 1972 1349 2051 Agric.
1370 1978 1468 2032 34.

373 2047 435 2106 Ii
461 2057 772 2108 ceterorum
792 2053 1206 2110 Britannorum
1209 2055 1475 2129 fuyacis-

373 2147 525 2185 szmt.

462 2209 595 2266 190.
637 2210 847 2287 ἀμώμῳ
893 2208 1031 2267 Ald.
1074 2209 1223 2267 Rob.
1270 2208 1471 2286 Steph.

378 2289 697 2360 κασιγνήτω
717 2287 792 2346 G.
811 2307 868 2346 V.
899 2294 953 2347 1.
974 2288 1035 2346 in
1055 2289 1128 2346 Β.
1170 2287 1303 2345 Vid.
1322 2295 1471 2346 nott.

375 2362 439 2420 in
466 2363 734 2442 Sophocl.
767 2365 980 2427 Electr.
1014 2369 1151 2430 977.
1180 2365 1242 2424 in
1268 2368 1475 2425 Museo

381 2443 599 2502 (1νίἰίσο
624 2445 1105 2522 Cantabriqiemi,
1128 2447 1297 2505 Tom.
1329 2447 1380 2504 Ι.
1411 2467 1472 2524 p.

442 2603 486 2659 I
482 2604 600 2661 bid.
626 2603 927 2683 Sequentia
936 2604 1111 2664 tradit
1130 2603 1471 2671 Scholiasta;

362 2679 625 2758 Ἀνδρων
653 2686 682 2741 ὁ
707 2683 1185 2760 Ἀλικαρνασσεῦε
1213 2688 1347 2760 φησὶ
1375 2686 1475 2744 τὸν

377 2764 653 2822 Ὠκεανὸν
708 2770 891 2842 γῆμαι
946 2766 1335 2844 Πομφολύγην
1366 2768 1476 2838 ικαὶ

380 2845 778 2919 Παρθενόπην.
811 2850 979 2922 σχεῖν
1008 2844 1086 2911 δέ,
1108 2846 1173 2902 ἐκ
1195 2845 1303 2920 μὲν
1328 2848 1478 2920 Παρ-

380 2923 621 2992 θενόπης
665 2926 943 2998 Εὒρὼπην
990 2926 1080 2982 καὶ
1126 2924 1370 2999 Θράκην,
1414 2925 1477 2980 ἐκ

380 2999 443 3057 δὲ
475 3007 556 3059 Πο
598 3004 867 3081 φολύγης,
889 3003 1090 3061 Ἀσίαν
1118 3005 1206 3061 καὶ
1233 3002 1473 3076 Λιβύην,

380 3080 476 3155 ἀφ’
568 3105 599 3139 ν
646 3085 745 3140 τὰς
793 3088 1049 3157 ἠπείρους
1089 3085 1476 3161 ὀνομασθῆναι

381 3158 730 3235 συμβέβηκε.
814 3163 965 3220 Hoec
1003 3162 1235 3220 Tzetzes
1262 3162 1337 3219 ad
1364 3162 1479 3239 Ly-

380 3238 582 3315 cophr.
632 3239 976 3317 compilavit,
1020 3248 1078 3298 et
1117 3239 1374 3299 Eudocia
1417 3240 1478 3298 in

380 3316 650 3386 Violari0,
670 3339 730 3396 p.
750 3322 889 3379 439.
973 3318 1201 3378 Citatur
1217 3320 1480 3394 Ἀνέρων

381 3397 413 3453 ὁ
448 3394 927 3473 Ἀλικαρνασσεῦε
960 3417 1054 3474 ap.
1094 3397 1386 3455 Plutarch.
1418 3398 1481 3454 in

381 3475 624 3534 These0.
687 3475 952 3534 Eundem
977 3474 1151 3533 fuisse
1176 3483 1320 3550 puto
1348 3494 1479 3533 cum

380 3551 498 3622 illo,
543 3553 706 3612 cu‘us
744 3553 888 3610 liber
934 3556 1061 3628 περὶ
1102 3556 1321 3610 Πόντου
1361 3552 1481 3611 lau-

386 3631 599 3690 datura
650 3630 925 3691 choliasta
933 3629 1227 3710 Apollonii
1239 3632 1325 3691 11.
1339 3632 1475 3691 948.

380 3709 483 3769 ubi
519 3709 890 3787 distinguitur
928 3710 1001 3768 ab
1026 3708 1301 3769 Androne
1341 3709 1480 3768 Teio

387 3788 515 3867 (qui
539 3788 797 3849 fortassis
814 3789 967 3848 idem
986 3787 1160 3847 fuerit
1185 3808 1252 3846 ac
1279 3787 1480 3846 Andro

384 3866 684 3945 Ephesiae,
716 3867 787 3927 de
828 3887 942 3945 quo
976 3867 1092 3925 vid.
1124 3867 1164 3926 J
1164 3886 1287 3925 ons.
1319 3867 1478 3926 Hist.

385 3944 595 4023 Script.
617 3946 833 4013 Philos.
855 3948 907 4005 Ι.
929 3946 1040 4023 8.).
1085 3945 1483 4023 Mythologica

422 4024 649 4083 uaedam
702 4042 773 4083 ex
823 4025 1096 4084 Androne
1149 4024 1398 4083 citantur
1450 4043 1485 4082 a

458 4103 579 4162 hol.
604 4103 807 4163 Venet.
826 4104 901 4162 ad
921 4103 1088 4161 Iliad.
1113 4102 1188 4160 A.
1213 4106 1311 4161 52.
1343 4102 1485 4182 Ety-

384 4182 523 4241 mol.
554 4182 644 4241 M.
672 4203 733 4260 p.
758 4185 893 4251 655,
925 4185 984 4241 5.
1028 4201 1159 4258 quae
1186 4199 1257 4239 ex
1284 4181 1483 4239 eodem

384 4260 531 4319 libro
558 4261 819 4321 desumta
844 4267 995 4331 sunt,
1027 4260 1126 4338 qui
1160 4258 1487 4319 nominatur

385 4338 655 4418 Ἐπιτομὴ
680 4344 807 4417 περὶ
835 4344 1199 4416 Συγγενειῶν
1226 4358 1260 4396 a
1289 4338 1481 4397 Schol.

387 4417 681 4496 Apollonii
720 4420 774 4479 Ι.
804 4422 902 4479 45.
985 4418 1119 4477 Vid.
1161 4418 1382 4477 Mem-s.
1412 4417 1487 4477 ad

388 4496 659 4575 Apollon.
689 4497 867 4577 Dysc.
896 4518 956 4576 p.
990 4502 1085 4558 94.

1658 1978 1790 2033 191.
1833 1973 1878 2030 τ’
1906 1976 2073 2031 αὒτου
2100 1972 2237 2031 Ald.
2267 1972 2418 2031 Rob.
2469 1978 2682 2034 ταῦτοιΐ

1658 2134 1790 2191 193.
1835 2129 2060 2188 ἐδόκουν
2090 2128 2283 2187 Guelf.
2315 2130 2510 2189 δόκουν
2531 2131 2669 2192 Ald.

1660 2211 1790 2268 194.
1836 2209 1985 2267 Dedi
2026 2207 2114 2267 ἐπ’
2156 2227 2261 2286 pro
2303 2208 2536 2287 vulgato
2585 2214 2670 2269 ἐν.

1574 2287 1763 2344 Prom.
1811 2291 1980 2345 1125.
2025 2287 2198 2347 τοιάδ’
2241 2288 2326 2346 ἐπ’
2371 2290 2495 2366 ἐμοὶ
2536 2289 2671 2367 ῥιπὴ

1574 2370 1781 2424 Διόθεν
1847 2365 2145 2445 Τεύχουσα
2195 2367 2392 2503 Χίίβον
2461 2376 2674 2448 στείχει

1571 2448 1843 2522 φανερῶς.
1874 2449 2168 2514 ἅλλὴλαιν
2276 2446 2334 2504 d.
2365 2450 2673 2516 ἀλλήλοισι

1572 2525 1722 2582 Rob.
1753 2531 1992 2603 uterque
2012 2525 2219 2583 omisso
2247 2527 2331 2584 ἐν.
2362 2529 2671 2596 ἀλλήλοισι

1573 2604 1662 2663 Μ.
1691 2608 1746 2663 2.
1771 2604 1962 2662 Viteb.
2048 2604 2238 2664 Ceteri
2266 2609 2330 2664 ἐν
2358 2602 2670 2680 ἀλλήλῃσι.

1572 2684 1859 2742 Porsonus
1885 2686 2137 2763 ἔτευχον
2179 2686 2489 2765 ἀλλήλῃσι,
2520 2670 2675 2765 (Ῑῖιοᾶ

1572 2762 1815 2840 conjecit
1883 2762 2116 2821 Schutz.
2202 2764 2313 2823 Sed
2374 2766 2673 2841 vulgatum

1572 2849 1767 2899 tuetur
1793 2840 2053 2899 Erfurdt.
2077 2841 2149 2899 ad
2178 2841 2446 2919 Sophocl.
2470 2843 2670 2921 Antig.

1576 2922 1711 2983 732.
1762 2919 1862 2976 ubi
1907 2918 2147 2977 similem
2194 2921 2674 2980 constructionem

1571 2998 1794 3075 proebet
1842 2996 1975 3055 MS.
2022 2997 2094 3056 E.
2137 2998 2233 3065 ὅδ’,
2281 3005 2352 3057 ὡς
2397 3002 2676 3080 ἔοικερτῇ

1574 3080 1800 3151 γυναικὶ
1825 3084 2170 3156 συμμαχεῖν.
2200 3077 2468 3137 Trachin.
2498 3082 2671 3138 1240.

1572 3158 1747 3232 Ἀνήρ
1773 3156 1869 3224 ὅδ’,
1899 3160 1971 3215 ὡς
1999 3160 2197 3226 ἔοικεν,
2227 3162 2292 3215 οὒ
2327 3163 2522 3234 νέμειν
2551 3161 2677 3235 ἐμοὶ

1572 3241 1836 3296 Φθινόντι
1863 3244 2088 3313 μοῖραν.
2171 3236 2366 3314 Hujus
2385 3236 2595 3296 fabuloe
2616 3257 2673 3296 v.

1576 3319 1712 3378 570.
1741 3316 1945 3375 τυτθὸν
1965 3318 2229 3391 ἐκφυγεῖν
2259 3316 2448 3373 ἄνακτ’
2470 3320 2672 3384 Αὐτόν,

1576 3401 1646 3453 ὡς
1676 3394 1968 3471 ἀκούομεν.
2049 3393 2254 3451 Glossa
2271 3393 2599 3467 marginalis
2614 3394 2677 3451 in

1576 3474 1657 3530 N.
1716 3497 1807 3548 γρ.
1870 3474 2098 3547 τεῦχον.
2174 3470 2288 3527 ἀπὸ
2344 3475 2439 3527 τοῦ
2492 3477 2680 3530 κοινοῦ

1576 3552 1841 3621 ἐδοξάτην
1887 3573 2003 3626 μοι.
2088 3547 2234 3605 Mox
2278 3553 2438 3607 τοῦτο
2477 3554 2678 3628 μαθὼν

1664 3710 1796 3768 195.
1841 3709 1928 3766 καὶ
1954 3704 2200 3783 πράϋνεν
2227 3704 2365 3763 Ald.

1664 3788 1797 3848 196.
1841 3790 1993 3863 αὐτῷ
2020 3784 2154 3843 Ald.
2188 3784 2337 3842 Rob.

1665 3868 1795 3926 198.
1828 3868 2106 3935 ἐνηνίαισι
2123 3862 2319 3923 δἈῙᾶ.
2340 3865 2405 3922 ἐν
2422 3867 2674 3934 ἡνίαισιν

1578 3946 1705 4022 εἶχε
1740 3944 1898 4003 Med.
1931 3944 2000 4003 C.
2041 3947 2106 4002 ἐν
2144 3947 2357 4013 ἡνίαισι
2399 3942 2442 4000 δ’
2476 3945 2669 4004 ceteri.

1578 4022 1789 4082 Nescio
1809 4043 1883 4081 an
1900 4024 2017 4081 huc
2045 4020 2352 4101 respexerit
2371 4022 2676 4100 Euripides

1579 4102 2134 4165 Androm.l77.m'13‹}
2163 4106 2272 4175 γὰρ
2294 4101 2470 4158 καλὸν
2502 4108 2677 4158 Δυοῖν

1581 4189 1874 4257 γυναικοῖν
1902 4181 2055 4257 ἄνδρ’
2082 4182 2161 4239 ἕν’
2189 4184 2347 4249 ἡνίας
2376 4180 2561 4255 ἔχειν.

1668 4264 1799 4321 199.
1843 4260 1923 4331 ἥδ’
1950 4260 2086 4317 Ald.
2119 4259 2267 4317 Rob.
2300 4260 2366 4314 ἐν
2394 4260 2462 4339 τῇ
2486 4257 2678 4336 δίφρον

1580 4338 1718 4396 Ald.
1741 4340 1890 4397 Rob.
1909 4339 2091 4395 Turn.
2135 4340 2268 4406 ἔντη
2296 4336 2486 4413 δίφρου
2513 4337 2679 4395 Stan-

1581 4417 1678 4475 leii
1730 4416 2050 4474 emendatio
2100 4414 2230 4483 fuit,
2280 4416 2573 4475 Brunckio
2620 4424 2680 4475 et

1584 4496 1838 4556 Porsono
1883 4494 2141 4572 probata.
2172 4494 2362 4576 δίφρου
2409 4496 2680 4556 exhibent
