3282 5193
1265 444 1359 502 IN
1394 407 1706 498 PsiaesAs.
2441 422 2588 492 141

395 623 639 684 absurde
672 628 805 701 post
841 620 1201 699 Hesychium
1238 585 1299 679 et
1329 620 1602 680 Photium
1630 619 1759 677 VV.
1790 617 1926 676 DD.
1953 616 2282 694 intelligunt
2297 618 2590 693 pulverem

395 719 476 775 ad
496 716 691 775 coelum
715 715 1023 783 sublatum,
1053 732 1231 791 quum
1260 711 1335 771 sit
1362 713 1666 771 calamitas
1692 711 1970 769 divinitus
1995 717 2149 768 orta.

475 870 612 928 580.
675 841 727 892 ¹*
751 839 1285 938 Δυσβοῖὕκτος.
1377 862 1513 920 Cum
1540 864 1800 938 infausto
1829 862 2049 937 ejulatu
2077 862 2286 920 editus.
2371 862 2588 920 Iterum

394 953 637 1014 occurrit
671 954 844 1015 1070.
930 949 1019 1009 De
1044 948 1245 1024 βαύζω
1273 949 1390 1007 vid.
1422 968 1595 1028 supra
1619 949 1695 1007 ad
1720 969 1778 1007 v.
1806 952 1896 1007 13.

350 1161 355 1168 .
474 1108 615 1166 582.
679 1077 1030 1161 Γναπτω.
1129 1100 1186 1159 V
1179 1102 1364 1160 elltco
1449 1100 1686 1179 Proprie
1741 1102 1812 1160 de
1858 1099 2093 1170 fullone,
2139 1121 2394 1206 pannum
2437 1101 2592 1160 velli-

394 1199 579 1262 mute,
618 1190 858 1249 dictum.
938 1187 1123 1266 Soph.
1152 1186 1315 1266 Ajac.
1353 1191 1523 1247 1030.
1555 1187 1626 1247 de
1665 1188 1933 1257 Hectore,
1964 1188 2200 1247 ἱππικων
2237 1191 2297 1254 ἐξ
2331 1190 2594 1263 ἀντύγων

392 1281 729 1359 Ἐγνᾶπτετ’
776 1282 906 1340 αἰὲν
954 1283 1010 1339 ἔς
1058 1283 1102 1338 r’
1146 1277 1439 1355 ἀπὲψυξει
1484 1278 1552 1354 βί
1532 1305 1639 1339 ι.ον
1742 1279 2112 1338 Grammatici
2165 1281 2402 1338 tradunt
2446 1280 2596 1338 hanc

398 1376 739 1454 scripturam
784 1370 1111 1432 recentioris
1152 1372 1261 1430 oevi
1301 1371 1493 1440 fuisse,
1538 1379 1756 1431 veteres
1798 1378 1990 1430 autem
2039 1371 2264 1430 Atticos
2307 1371 2596 1449 scripsisse

400 1469 642 1528 κνᾶπτω.
724 1464 843 1522 vid.
875 1464 1131 1522 Brunck.
1162 1464 1238 1522 ad
1265 1462 1564 1542 Aristoph.
1596 1462 1754 1522 Plut.
1794 1464 1924 1521 166.
1957 1462 2112 1541 quod
2137 1462 2370 1541 quidem
2398 1483 2594 1522 verum

398 1578 521 1620 esse
545 1562 737 1637 potest
755 1581 772 1625 ς
792 1559 874 1614 ‘et
898 1554 959 1613 in
988 1554 1286 1632 Sophoclis
1311 1555 1437 1614 loco
1464 1554 1887 1614 rescribendum
1915 1555 2201 1614 &nemin-rev?
2217 1554 2351 1614 olim
2373 1554 2598 1612 monuit

378 1650 712 1728 ‚Dorvillius
736 1647 799 1706 in
827 1647 997 1706 Misc.
1028 1645 1171 1706 Obs.
1204 1645 1315 1705 IX.
1344 1666 1406 1725 p.
1437 1651 1569 1708 119.
1654 1645 1788 1704 Vid.
1821 1645 2224 1704 Hemsterhus.
2253 1646 2329 1704 ad
2356 1646 2595 1705 Lucian.

398 1742 469 1801 T.
500 1742 554 1800 I.
581 1760 641 1819 p.
674 1741 772 1798 86.
856 1736 971 1796 Sed
996 1739 1368 1796 vetustissimi
1392 1737 1542 1796 inter
1568 1735 1873 1815 scriptores
1908 1735 2133 1796 Atticos
2160 1737 2396 1796 alteram
2425 1737 2598 1816 scrip-

398 1842 606 1902 turam,
651 1851 784 1910 quae
826 1829 1023 1889 Ionica
1061 1828 1191 1898 fuit,
1234 1830 1634 1908 agnoscebant.
1723 1828 1785 1887 Si
1830 1829 1987 1907 apud
2027 1829 2348 1888 Homerum
2389 1829 2630 1906 legitur‘

401 1927 723 2002 γνάμπτειν
750 1931 808 1980 et
837 1923 1146 1999 γναμπτάς,
1169 1939 1451 1998 nusquam
1474 1924 1782 1999 κνάμπτειν
1801 1921 1892 1979 vel
1923 1924 2221 1998 κναμπτόε,
2253 1941 2383 1998 quae
2409 1940 2599 1978 recen-

399 2016 573 2075 tiores
607 2016 925 2078 mutarunt,
955 2011 1260 2090 euphoniae
1297 2012 1498 2089 gratia,
1526 2011 1588 2069 in
1615 2015 1889 2088 κάμπτειν
1917 2019 1975 2069 et
2005 2015 2270 2088 καμπτόε,
2299 2005 2606 2069 verisimile

401 2107 470 2165 fit
505 2107 678 2166 etiam
714 2104 995 2179 γνάπτειν
1018 2101 1390 2160 vetustiorem
1416 2102 1591 2161 fuisse
1618 2102 1864 2161 formam
1896 2123 2068 2180 quam
2103 2105 2386 2163 κνάπτειν.
2472 2102 2600 2160 Imo

402 2197 525 2277 ipse
562 2193 961 2274 HarpocratiO,
1000 2192 1100 2271 qui
1134 2192 1310 2251 tradit
1346 2200 1564 2252 veteres
1600 2193 1826 2252 Atticos
1866 2193 2072 2254 dixisse
2112 2194 2369 2273 κναφεύς,
2412 2213 2601 2262 recen?

403 2289 575 2348 tiores
615 2306 750 2346 vero
791 2286 1058 2364 γναφεύς,
1101 2302 1219 2342 ιιοιι
1258 2283 1339 2342 ait
1378 2283 1487 2342 hos
1528 2284 1737 2343 dixisse
1782 2286 2077 2359 γ’νάπτειν,
2122 2287 2251 2345 illos
2296 2285 2599 2353 κνάπτειν,
2584 2310 2597 2323 ·

404 2379 617 2458 quippe
640 2385 908 2446 veterem,
939 2394 1110 2454 quam
1136 2380 1319 2444 vocat,
1351 2373 1594 2434 formam
1633 2376 1870 2446 κναφεύς
1899 2375 2289 2436 deducendam
2317 2394 2436 2434 esse
2463 2376 2543 2433 ait
2569 2394 2604 2433 a

405 2495 534 2541 κνω,
562 2473 593 2530 ὃ
622 2476 890 2546 σημαίνει
927 2469 991 2527 τὸ
1027 2468 1155 2535 ξύω,
1184 2466 1421 2524 alteram
1457 2485 1607 2536 veru,
1641 2468 1908 2546 γναφεύε,
1938 2473 2093 2545 παρὰ
2131 2473 2235 2539 τὴν
2272 2472 2370 2526 τοῦ
2395 2468 2604 2551 φόρους

406 2563 647 2641 γνάψιν.
731 2557 1479 2640 (Cf.Etym010g.Gudian.
1503 2579 1563 2638 p.
1590 2562 1726 2629 330,
1757 2558 1885 2639 10.)
1964 2560 2024 2619 Is
2049 2560 2226 2639 igitur
2251 2567 2402 2619 certe
2428 2579 2602 2619 unam

404 2662 633 2714 tantum
658 2653 900 2712 formam
927 2651 1085 2710 verbi
1114 2651 1391 2727 γνάπτειν
1418 2653 1781 2729 agnoscebat.
1829 2662 2103 2731 γναφεῖον
2130 2652 2339 2731 legitur
2363 2672 2458 2730 ap.
2490 2651 2604 2727 Ly-

407 2746 549 2805 siam
575 2743 751 2823 Apol.
771 2750 970 2803 contra
992 2742 1131 2802 Sim.
1155 2763 1216 2820 p.
1240 2745 1339 2801 48.
1360 2743 1450 2801 ed.
1471 2743 1688 2823 Anger.
1734 2748 1981 2823 γναφεύς
2001 2743 2232 2803 editur
2215 2764 2276 2803 m
2304 2743 2601 2823 Aristoph.

407 2836 583 2914 Vesp.
620 2838 792 2893 1123.
836 2833 1146 2911 eademque
1182 2832 1367 2892 forma
1400 2834 1729 2912 reponenda
1765 2835 1827 2893 in
1865 2836 2018 2895 Plut.
2050 2839 2182 2895 166.
2265 2834 2423 2893 Eccl.
2463 2838 2602 2893 415.

408 2928 620 3007 κνάφου
648 2926 929 2986 Herodot.
952 2926 1003 2984 I.
1026 2927 1122 2985 92.
1148 2922 1249 2984 sed
1268 2924 1401 2983 MS.
1421 2924 1722 2985 Plutarchi
1741 2927 1811 2986 de
1830 2927 2071 3006 Malign.
2093 2948 2156 3007 p.
2178 2930 2318 2987 858.
2363 2928 2605 3005 γνάφου.

410 3020 517 3079 IV.
557 3022 647 3079 14.
693 3022 962 3097 κναφὴἳον
1002 3024 1061 3075 et
1100 3017 1356 3096 κναφεύς,
1398 3016 1501 3075 ubi
1540 3016 1674 3077 libri
1711 3018 1858 3077 nihil
1897 3019 2136 3090 variant.
2182 3020 2427 3098 ’γναφεύς
2461 3018 2608 3077 dixit

408 3111 734 3190 Xenophon
760 3110 1007 3174 Memor.
1040 3109 1161 3167 111.
1196 3110 1252 3172 7.
1284 3110 1341 3168 6.
2391 3152 2396 3158 .

489 3267 627 3324 583.
692 3238 1044 3337 Σκύλλως
1148 3264 1382 3322 lacero.
1491 3264 1748 3343 Hesych.
1808 3267 2107 3325 Σκύλλαν.
2163 3266 2226 3325 τὸ
2279 3272 2401 3324 ταῖς
2455 3266 2603 3333 ὄνυξι

410 3356 585 3429 σπᾷν.
667 3349 800 3408 Alio
828 3368 998 3408 sensu
1024 3348 1180 3428 apud
1207 3350 1288 3408 N.
1312 3350 1380 3409 F.
1402 3350 1724 3427 scriptores.
1808 3353 1941 3410 vid.
1975 3352 2334 3410 Schleusner.
2361 3351 2425 3409 in
2451 3370 2605 3409 voce.

408 3441 539 3501 Vox
568 3442 741 3500 ducta
766 3439 994 3497 videtur
1020 3458 1053 3496 a
1080 3439 1334 3498 canibus.
1420 3438 1676 3518 Etymol.
1708 3442 1798 3500 M.
1828 3462 1890 3520 p.
1927 3444 2058 3511 720,
2091 3446 2182 3502 19.
2227 3442 2492 3510 Σκύλλος,
2523 3467 2611 3500 κυ-

409 3538 535 3611 ρίως
564 3534 660 3591 ἐπὶ
686 3530 849 3589 κυνὸς
880 3536 1139 3605 νεογνοῦ.
1224 3530 1381 3617 Hinc
1410 3532 1658 3602 Σκύλλη.
1741 3530 1952 3611 OdySS.
1984 3533 2075 3591 M.
2106 3535 2205 3591 85.
2234 3534 2426 3592 Ἔνθα
2455 3533 2500 3592 δ’
2526 3536 2613 3592 ἐνὶ

414 3625 639 3695 Σκύλλη
681 3626 849 3691 ναίει,
895 3620 1083 3681 δεινὸν
1131 3628 1429 3683 λελακυῖα·
1514 3626 1628 3693 Τῆς
1671 3620 1789 3695 ἦτοι
1830 3629 1982 3702 φωνὴ
2022 3630 2165 3701 pei-v,
2194 3624 2301 3697 ὅση
2345 3626 2613 3686 σκύλακος

415 3719 683 3792 νεογιλῆς
708 3720 958 3773 Γίνεται.
1041 3713 1175 3772 Vid.
1209 3714 1289 3775 Is.
1310 3714 1477 3773 vose.
1510 3713 1585 3773 ad
1612 3714 1825 3774 catull.
1854 3736 1915 3793 p.
1951 3718 2088 3776 208.

492 3868 649 3926 nid.
677 3840 1077 3928 ''Avav305.
1162 3867 1392 3925 Mutus.
1477 3866 1831 3945 Perpetuum
1875 3866 2117 3946 piscium
2159 3867 2472 3947 epitheton,
2516 3869 2616 3949 qui

415 3955 491 4015 ob
516 3954 671 4011 vocis
707 3952 991 4011 defectum
1024 3955 1268 4012 ἔλλοπες
1305 3953 1658 4024 dicebantur,
1690 3954 1739 4013 si
1780 3974 1895 4033 qua
1929 3954 2074 4013 fides
2109 3962 2198 4013 est
2231 3956 2614 4033 grammaticis

414 4044 697 4113 habenda,
743 4044 815 4101 ab
859 4046 1027 4102 ἐλλόε
1070 4052 1278 4103 mutus.
1374 4043 1646 4123 Sophocl.
1692 4045 1856 4124 Ajac.
1912 4048 2084 4106 1295.
2145 4046 2382 4124 Ἐφῆκεν
2425 4050 2616 4108 ἑλλοῖς

418 4138 649 4218 ἰχθύσιν
676 4134 1005 4213 διαφθοράν.
1048 4134 1148 4193 ubi
1175 4135 1251 4194 cf.
1283 4134 1566 4193 Erfurdtii
1591 4144 1807 4205 notam,
1838 4144 1896 4195 et
1914 4135 2158 4195 Alberti.
2183 4137 2257 4195 ad
2277 4138 2534 4216 Hesych.
2560 4138 2613 4198 Ι.

417 4250 477 4308 p.
516 4231 687 4288 1182.
749 4226 913 4286 Idem
941 4246 1035 4304 ap.
1060 4224 1276 4284 Athen.
1300 4225 1441 4285 VII.
1471 4246 1530 4303 p.
1558 4228 1695 4290 277.
1720 4226 1795 4285 A.
1841 4232 2014 4305 Χόρος
2042 4228 2086 4287 δ’
2111 4228 2374 4287 ἀναύδων
2401 4231 2616 4305 ἰχθύων

420 4323 730 4399 ἐπερῥόθει.
815 4318 1185 4377 Pherecrates
1224 4338 1317 4395 ap.
1363 4318 1576 4378 Athen.
1608 4318 1751 4377 VII.
1791 4340 1850 4397 p.
1893 4321 2030 4383 287.
2070 4319 2145 4378 A.
2230 4320 2485 4398 Etymol.
2529 4321 2617 4379 M.

420 4430 481 4489 p.
512 4414 646 4481 218,
693 4414 791 4470 31.
863 4416 917 4470 τί
959 4414 1183 4486 ληρεῖε;
1239 4414 1397 4469 ἀλλὰ
1438 4418 1630 4487 φωνὴν
1676 4414 1774 4470 οὒκ
1817 4414 1979 4489 ἔχειν
2021 4411 2215 4490 Ἰχθῦν
2260 4436 2331 4486 γε
2373 4416 2510 4488 φασὶ
2553 4415 2616 4473 τὸ

420 4504 725 4574 amplarum
770 4507 836 4573 νὴ
864 4507 941 4561 τὼ
970 4503 1101 4562 θεώ.
1186 4505 1335 4561 Robur
1362 4506 1517 4562 ἔστιν
1546 4505 1708 4580 ἰχθῦς
1737 4506 1913 4561 ἄλλος
1931 4503 2116 4565 οὐδεὶς
2143 4506 2177 4573 ἢ
2203 4503 2350 4579 βόαξ
2375 4502 2618 4582 (φωνεῖν
