3282 5193
1322 438 1414 492 IN
1450 437 1762 492 PERsAs.
2498 423 2646 496 119

448 615 586 683 οἷον,
616 614 881 690 ἀλάστωρ
914 611 1067 684 Ζεύς,
1099 615 1211 674 ἀπὸ
1238 620 1336 674 τοῦ
1362 624 1474 675 τοῖς
1515 617 1609 675 τοῖ’
1630 621 1862 676 ἄλαστα
1887 617 2216 694 πάσχουσιν
2245 617 2575 696 ἐπαμῦνειν.
2606 620 2642 689 ἢ

448 708 478 763 ὅ
506 707 576 764 rei
602 709 825 765 ἄλαστα
853 704 1137 784 (τουτέστι
1165 707 1233 767 τοὶ
1263 707 1534 785 χαλεποὶ)
1560 712 1760 782 τηρῶν.
1847 707 2199 784 Μένανδρος·
2245 710 2276 765 ὁ
2308 709 2353 768 δ’
2379 712 2642 785 ἀλάστωρ

446 799 563 870 ἐγὼ
606 800 715 856 Καὶ
759 801 1068 869 ζηλότυπος
1108 803 1589 876 ἄνθρωπος-καί,
1632 799 1916 877 δαιμόνων
1958 802 2314 876 ἀλαστόρων.
2422 800 2641 860 Eadem

444 887 561 946 fere
586 889 857 966 leguntur
872 889 933 946 in
954 890 1163 950 Lexico
1186 891 1479 968 Sangerm.
1500 911 1593 968 ap.
1614 890 1866 948 Bekker.
1885 889 2106 949 Aneed.
2128 890 2318 950 Graee.
2345 891 2396 949 1.
2415 911 2477 968 p.
2499 893 2636 954 374.

442 978 595 1036 'Ibid.
626 999 685 1057 p.
718 982 853 1038 382.
897 981 1207 1059 Ἀλάστωρ·
1240 988 1485 1054 θηλυκῶς
1508 985 1811 1060 Νικόχαρις
1837 986 1942 1051 τὴν
1968 983 2260 1059 ἀλάστορα
2288 985 2391 1060 ἔφη
2421 989 2643 1060 σφίγγα

442 1069 893 1146 ·-Ἀλάστορον.
937 1076 1063 1132 ἀντὶ
1104 1080 1199 1132 τοῦ
1238 1075 1545 1150 ἀλάστορα,
1580 1075 1692 1131 ἀπὸ
1736 1079 1831 1144 τῆς
1875 1076 2093 1132 εὐθείας
2123 1076 2152 1132 ὁ
2181 1076 2642 1150 ἀλάστορος,,Αἶ-

448 1161 658 1239 σχύλος
697 1169 889 1239 μέγαν
916 1167 1235 1243 ἀλάστορον
1262 1166 1443 1224 εἶπεν.
1527 1164 1872 1242 Harpocrat.
1915 1164 2228 1240 Ἀλάστωρ.
2271 1163 2336 1223 οὖ
2377 1165 2644 1241 μηδέποτ’

446 1252 522 1310 ἄν
563 1276 641 1310 τις
684 1256 1030 1315 ἐπιλάθοιτο.
1115 1261 1481 1332 Δημοσθένης
1508 1256 1650 1328 ὑπὲρ
1679 1260 2090 1332 Κτησιφῶντος.
2133 1254 2280 1314 πολι)
2311 1255 2372 1314 δὲ
2396 1254 2643 1330 τοῦνομα

449 1344 515 1400 ἐν
540 1348 608 1426 τῇ
632 1346 931 1424 τραγῳδίᾳ.
1015 1346 1272 1405 Erotian.
1300 1367 1362 1424 p.
1394 1350 1485 1405 15.
1528 1346 1889 1422 Ἀλάστορες.
1923 1351 2194 1423 Βακχεῖος
2220 1349 2330 1425 μὲν
2357 1350 2424 1405 ἐν
2449 1349 2644 1424 πρώτῳ

447 1441 634 1511 φονεῖς
676 1441 866 1512 φησίν,
898 1439 961 1496 ἐκ
1000 1441 1094 1508 τῆς
1121 1437 1418 1509 Εὐριπίδου
1446 1441 1850 1507 Μελανίππης,
1888 1441 2176 1510 λέγοντος,
2191 1435 2362 1495 Ἴσως
2395 1437 2642 1496 ἀλάστο-

443 1532 545 1599 ρας
584 1524 910 1605 (ἀλάστορ’)
951 1533 1049 1587 οὒκ
1088 1531 1371 1606 ἐτόλμησε
1412 1536 1661 1588 κτανεῖν.
1735 1530 1873 1587 ἔνιοι
1914 1527 1977 1588 δὲ
2016 1525 2139 1588 τοὺς
2181 1531 2418 1586 ἀνόσιόν
2458 1553 2510 1587 τι
2553 1531 2642 1586 καὶ

445 1617 649 1693 μιαρὸν
686 1621 1131 1696 ἐργασαμένους,
1158 1623 1265 1679 κᾶν
1290 1624 1369 1699 μὴ
1398 1618 1501 1679 ὦσι
1540 1625 1751 1697 φονεῖς·
1797 1619 1848 1676 οἱ
1890 1622 2116 1678 ἄλαστα
2158 1620 2285 1678 τινοί
2329 1619 2448 1678 καθ’
2489 1616 2644 1678 ὀδοῦς

446 1707 931 1788 διαπραττόμενοι.
1013 1710 1249 1789 Optime
1276 1711 1547 1780 GalenUS,
1568 1713 1728 1769 αὐτοί
1755 1735 1817 1769 τε
1842 1712 1896 1769 οἶ
1921 1711 2207 1786 ἅνθρωποι
2234 1711 2286 1770 οἱ
2313 1709 2384 1770 τὰ
2412 1710 2644 1769 ἀλαστιὶ

445 1800 845 1878 ἐργασάμενοι,
887 1803 975 1859 καὶ
1015 1803 1065 1860 οἱ
1107 1806 1328 1877 τιμωροὶ
1371 1806 1555 1861 αὐτῶν
1594 1801 1877 1878 δαίμονες.
1963 1801 2176 1860 Noster
2241 1801 2446 1880 Suppl.
2499 1803 2644 1860 410.

445 1894 542 1950 τὸν
581 1895 950 1969 πανώλεθρον
992 1893 1126 1952 θεὸν
1169 1893 1359 1969 Βαρῦν
1400 1892 1647 1956 Εὐνοικον
1691 1893 1993 1971 θησόμεσθ’
2037 1891 2349 1968 ἀλάστορα.
2432 1892 2642 1970 Agam.

436 1983 625 2046 1503.
670 1984 700 2040 ὃ
740 1985 983 2042 παλαιὸς
1024 1983 1212 2060 δριμΰς
1239 1983 1507 2059 ἀλάστωρ
1532 1985 1788 2061 Ἀτρέως.
1879 1986 2051 2042 1509.
2093 1983 2376 2057 πατρόθεν
2415 1983 2476 2040 δὲ
2509 1987 2644 2040 συλ-

446 2075 672 2150 λήπτωρ
702 2077 909 2148 γένοιτ’
938 2073 1320 2149 ἂνάλάστωρ.
1408 2071 1680 2150 Sophocl.
1721 2073 1857 2130 OEd.
1898 2072 2024 2131 Col.
2062 2075 2194 2136 787.
2225 2073 2383 2133 ἀλλὰ
2414 2077 2499 2132 σοὶ
2528 2070 2646 2132 τάδ’

451 2164 581 2232 ἔστ’,
614 2167 729 2223 ἐκεῖ
757 2168 959 2242 Χώρας·
980 2162 1242 2241 ἀλάστωρ
1271 2166 1439 2242 οὑμὸς
1469 2169 1712 2222 ἐνναίων
1741 2168 1852 2222 αἐί.
1911 2162 2180 2222 Trachin.
2211 2168 2385 2226 1094.
2423 2169 2645 2242 Νεμέας

450 2256 683 2324 ἔνοικον,
710 2252 1002 2329 βουκόλων
1030 2257 1341 2331 ἀλάστορα,
1373 2261 1614 2314 Λέοντα.
1706 2258 1878 2313 1235.
1936 2253 2087 2312 ὅστις
2114 2260 2190 2333 μὴ
2221 2258 2282 2324 ἐξ
2310 2255 2644 2330 ἀλαστόρων

450 2353 629 2404 νοσεῖ.
712 2345 805 2406 Cf.
834 2346 999 2424 Ajae.
1038 2347 1177 2408 373.
1264 2345 1485 2423 Saepius
1522 2345 1678 2423 apud
1713 2343 2048 2422 Euripidem
2089 2347 2353 2405 occurrit.
2438 2344 2648 2404 Demo-

436 2436 664 2496 ‘sthenis
690 2437 849 2496 loeus
877 2457 1046 2514 quem
1073 2435 1302 2514 respicit
1330 2435 1711 2514 Harpocratio
1741 2442 1824 2493 est
1848 2453 1956 2512 pro
1984 2433 2244 2513 Ctesiph.
2280 2439 2334 2510 §.
2361 2440 2458 2496 91.
2555 2435 2646 2494 De

445 2527 755 2587 veriverbio
781 2527 897 2587 vid.
926 2527 1076 2587 infra
1103 2529 1240 2588 983.

436 2670 445 2677 ’
526 2697 666 2753 364.
720 2671 1002 2770 Σέλμα.
1090 2694 1448 2753 mmmm.
1523 2693 1884 2752 Tabulam.
1953 2692 2088 2751 vm.
2111 2692 2361 2753 Glossar.
2379 2692 2441 2751 in
2457 2692 2642 2752 Theb.

448 2783 547 2839 32.
630 2777 922 2857 Lycophr.
958 2780 1129 2841 1217.
1175 2778 1414 2856 Πορκεύς
1442 2778 1682 2839 δίκωπον
1711 2786 1899 2859 σέλμα
1931 2784 2256 2839 ναυστολῶν
2284 2782 2416 2856 ἐλᾷ.

530 2945 667 3001 365.
721 2916 1176 3021 Ἐπενθόρω.
1258 2943 1486 3001 Immo.
1570 2942 1704 3001 vid.
1746 2943 1998 3003 Glossar.
2037 2943 2099 3001 in
2136 2943 2319 3002 Theb.
2349 2945 2489 3002 450.
2544 2938 2645 3000 ub'i

446 3048 577 3088 vere
620 3028 835 3098 monui,
883 3026 1127 3086 formam
1174 3032 1347 3106 θορέω
1394 3048 1512 3088 non
1558 3030 1668 3089 nisi
1713 3030 1776 3089 in
1813 3030 2312 3107 grammaticorum
2354 3028 2644 3089 cerebellis

444 3120 636 3179 locum
660 3118 947 3178 habuisse.
1024 3117 1331 3197 Antipater
1358 3119 1625 3179 Sidonius
1652 3120 1714 3179 in
1739 3121 2000 3181 Analeet.
2032 3121 2209 3201 T.11.
2235 3142 2294 3200 p.
2325 3125 2418 3181 13.
2461 3126 2554 3201 Τῷ
2580 3122 2642 3181 δὲ

447 3236 529 3271 τοι
556 3212 851 3289 ἀῤῥίγητος
879 3212 1149 3287 ἐπένθορε
1176 3213 1509 3288 ταυροφόνος
1537 3214 1662 3287 θὴρ.

523 3380 663 3437 368.
720 3350 1034 3437 Φθόνος.
1076 3338 1095 3357 ⁸
1116 3374 1395 3433 Animum
1448 3375 1748 3433 advertant
1801 3376 2014 3435 tirones
2067 3376 2142 3434 ad
2194 3375 2643 3454 superstitiosam

445 3470 702 3523 veterum
730 3462 1189 3537 δεισιδαιμονίαν,
1212 3461 1312 3537 qui
1330 3460 1466 3518 deos
1492 3460 1798 3519 eredebant
1823 3460 2152 3520 hominibus
2175 3461 2644 3538 praepollentibus

444 3553 717 3613 invidere.
800 3550 1083 3609 Classicus
1118 3557 1204 3609 est
1244 3550 1529 3609 Herodoti
1558 3550 1718 3609 locus
1750 3552 1871 3610 111.
1901 3554 2000 3611 40.
2057 3558 2356 3610 ΑΜΑΣΙΣ
2414 3558 2644 3609 ΠΟΛΥ-

448 3648 729 3702 ΚΡΑΤΕΙ
784 3646 941 3699 ΩΔΕ
992 3646 1245 3701 ΛΕΓΕῙ.
1324 3640 1463 3699 ‘HEt
1517 3643 1625 3717 μὲν
1681 3644 2068 3701 πυνθάνεσθαι
2123 3642 2301 3718 ἄνδρα
2341 3647 2511 3720 φίλον
2551 3646 2644 3700 καὶ

448 3738 637 3803 ξεῖνον
664 3730 731 3793 εὖ
755 3736 1091 3809 πρὴσσοντα·
1136 3736 1261 3811 ἐμοὶ
1289 3732 1350 3792 δὲ
1378 3734 1439 3811 αἱ
1468 3737 1561 3791 σαὶ
1587 3735 1846 3811 μεγάλαι
1877 3738 2134 3813 εὐτυχίαι
2163 3736 2262 3793 οὒκ
2288 3738 2641 3812 ἀρέσκουσιν,

450 3830 805 3905 ἐπισταμένῳ
844 3826 906 3885 τὸ
949 3830 1123 3890 θεῖον,
1154 3824 1224 3883 «nis
1265 3826 1383 3885 ἔστι
1425 3828 1720 3902 φθονερόν.
1801 3824 1944 3883 VII.
1977 3828 2075 3883 46.
2119 3828 2153 3885 ὁ
2187 3826 2248 3885 δὲ
2276 3827 2400 3885 θεὸς
2428 3826 2644 3901 γλυκῦν

449 3920 658 3995 γεύσας
680 3917 779 3975 τὸν
806 3920 1003 3987 αἰῶνα,
1032 3917 1297 3995 φθονερὸς
1335 3919 1400 3975 ἐν
1428 3919 1575 3995 αὒτῷ
1612 3918 1927 3993 εὑρίσκεται
1965 3919 2096 3975 ἐών.
2159 3917 2273 3975 vid.
2299 3918 2638 3995 wesseling.

446 4010 688 4069 Dissert.
721 4006 942 4066 Herod.
972 4028 1032 4084 p.
1070 4010 1201 4068 193.
1286 4007 1648 4066 Herodotum
1689 4006 1923 4065 meliora
1965 4007 2164 4066 docere
2208 4008 2489 4085 potuisset
2531 4008 2642 4086 Py-

443 4102 731 4177 thagorae,
778 4098 877 4176 qui
920 4098 1105 4156 aiebat
1151 4098 1287 4157 deos
1330 4100 1426 4157 οὒκ
1469 4098 1615 4157 εἶναι
1665 4102 1843 4157 κακῶν
1888 4102 2116 4157 αἰτίους.
2199 4098 2403 4175 Eurip.
2449 4098 2638 4157 Orest.

447 4195 583 4253 963.
626 4194 825 4268 φθόνος
872 4182 963 4249 νιν
1007 4190 1130 4249 εἷλε
1164 4192 1382 4249 θεόθεν.
1450 4188 1581 4247 Alc.
1621 4190 1792 4247 1138.
1823 4192 2042 4267 ''Exest-⁰
2087 4192 2291 4268 φθόνος
2327 4189 2388 4247 δὲ
2427 4192 2502 4267 μὴ
2545 4194 2642 4261 γέ-

447 4287 595 4343 νοιτό
621 4307 702 4342 τις
736 4286 904 4342 θεῶν.
990 4280 1194 4358 Suppl.
1226 4283 1363 4339 348.
1412 4280 1565 4349 ”Ηδη
1592 4279 1703 4338 τόδ’
1731 4282 1910 4349 ἔσται,
1940 4283 2098 4359 κοῦχὶ
2127 4278 2233 4338 σὺν
2259 4283 2444 4360 φθόνῳ
2472 4285 2639 4337 θεῶν.

445 4373 580 4451 Iph.
603 4373 741 4431 Aul.
771 4374 941 4435 1097·
982 4375 1083 4441 Μὴ
1128 4395 1207 4430 τις
1242 4374 1388 4429 θεῶν
1414 4374 1616 4447 φθόνος
1655 4373 1815 4454 ἔλθῃ.
1899 4371 1988 4429 De
2013 4370 2226 4429 invidia
2251 4371 2487 4429 deorum
2515 4370 2633 4429 vid.

446 4463 506 4521 J.
528 4464 616 4521 M.
638 4463 876 4524 Gesner-i
892 4463 1110 4540 Opusc.
1128 4462 1199 4521 T.
1220 4462 1342 4521 111.
1362 4482 1423 4541 p.
1444 4463 1582 4519 336.
1654 4461 1966 4521 Ruhnken.
1989 4462 2063 4545 ad
2084 4460 2266 4521 Rutil.
2288 4462 2439 4541 Lup.
2457 4482 2518 4541 p.
2542 4465 2638 4526 75.
